3014 5046
613 466 785 515 nrrsrona
809 467 938 514 cinon.
1212 454 1256 518 71

298 624 485 706 patientur.
539 622 622 688 Non
652 624 744 688 enim
772 644 938 708 personas
967 624 1160 704 subtrahet,
1195 628 1256 709 qui

299 731 354 788 est
375 725 527 788 omnium
554 724 771 805 dominator3
797 745 861 789 nec
883 728 1097 791 reverebitur
1119 729 1254 808 magni-

299 825 454 890 tudinem
477 826 694 908 cujusqnam,
721 826 885 907 quoniam
907 828 1071 908 pusillum
1091 834 1127 891 et
1155 847 1254 910 mag-

300 945 383 988 num
404 927 479 1009 ipse
494 925 587 1002 fecit,
610 933 645 989 et
659 927 842 1007 aequaliter
863 946 947 990 cura
960 935 1014 991 est
1029 928 1080 991 illi
1102 948 1165 1010 pro
1179 947 1253 992 om-

271 1025 413 1090 suibus.
466 1025 682 1089 Fortioribus
720 1033 836 1090 antem
873 1027 996 1090 sortior
1031 1029 1140 1092 instat
1175 1048 1253 1091 cru·

300 1125 416 1190 ciatio.
467 1123 526 1189 Ad
540 1145 603 1190 vos
621 1146 704 1208 ergo
720 1145 819 1208 reges
834 1126 871 1188 hi
885 1135 967 1190 sunt
984 1147 1160 1191 sermones
1173 1130 1252 1205 mei,

300 1232 340 1289 ut
365 1226 508 1289 discatis
536 1227 755 1308 sapientiam,
788 1234 824 1290 et
852 1246 922 1289 non
950 1227 1128 1291 decidatis.
1182 1226 1253 1307 Qui

300 1326 392 1389 enim
421 1325 648 1391 custodierint
672 1326 772 1410 justa
795 1327 1092 1411 justificabuntur,
1128 1335 1164 1392 et
1193 1329 1252 1410 qui

299 1425 482 1491 didicerint
495 1434 618 1491 sancta
631 1427 950 1492 sanctificabuntur.

253 1538 287 1584 1⁰
304 1565 305 1569 =
351 1526 369 1610 ᾗ
384 1526 439 1592 64.
464 1526 646 1592 Hactenus
661 1548 739 1591 cum
752 1528 890 1610 regibus
903 1527 1038 1612 patriae,
1055 1548 1125 1592 non
1140 1529 1254 1592 minus
1264 1543 1377 1634 ‘1³3³qu

299 1627 546 1709 prophetarum
572 1629 721 1693 oraculis
746 1647 850 1710 quam
874 1621 1002 1692 nostris
1027 1630 1253 1707 sermonibus,
1265 1606 1399 1685 aalma*

299 1727 588 1810 disceptavimus3
610 1728 768 1792 volentes
790 1747 850 1791 eos
872 1729 961 1792 scire
983 1747 1061 1810 quae
1084 1729 1255 1812 propheta

300 1827 449 1905 dixerat,
467 1827 590 1905 Quasi,
604 1829 778 1910 inquiens,
792 1847 814 1891 a
828 1826 916 1891 facie
931 1828 1062 1895 colubri
1075 1827 1158 1910 fuge
1172 1848 1254 1910 pec·

301 1933 400 2006 cata;
424 1928 454 1991 si
469 1929 654 1992 accesseris
669 1929 713 1991 ad
734 1929 795 1991 illa
817 1928 1006 2010 suscipient
1021 1935 1066 1991 te.
1119 1928 1253 1992 Dentes

256 2037 287 2084 15
300 2026 410 2091 leonis
432 2028 553 2092 dentes
575 2047 706 2106 eorum,
727 2028 973 2092 interficientes
992 2028 1127 2091 animas
1144 2028 1254 2092 homi-

301 2146 395 2192 num.
448 2127 496 2191 Et
507 2129 645 2204 iterum,
661 2127 777 2205 Quam
787 2147 916 2208 magna
930 2128 1165 2192 misericordia
1180 2129 1254 2193 Do·

301 2228 397 2304 mini,
425 2234 461 2291 et
490 2228 691 2310 propitiatio
721 2227 796 2309 ejus
827 2229 1109 2292 convertentibus
1134 2229 1179 2292 ad
1204 2247 1252 2293 se.

302 2326 350 2391 Et
375 2328 500 2391 sinon
525 2326 690 2391 habemus
715 2327 753 2389 in
776 2327 876 2390 nobis
901 2327 988 2391 illud
1013 2329 1253 2410 apostolicum,

302 2433 350 2517 ut!
377 2427 543 2504 dicamus,
580 2427 755 2509 Optabam
792 2428 883 2490 enim
917 2428 1103 2491 anathema
1128 2447 1204 2492 esse
1232 2448 1254 2492 a

255 2537 289 2582 2⁰
302 2525 442 2591 Christo
466 2547 529 2609 pro
548 2525 713 2590 fratribus
738 2526 835 2603 meis,
860 2532 977 2589 tamen
998 2526 1084 2590 illud
1107 2528 1255 2611 prophe-

301 2628 408 2691 ticum
425 2632 501 2689 toto
519 2626 621 2690 corde
639 2626 810 2708 possimus
827 2626 952 2702 dicere,
973 2625 1057 2689 Heu
1074 2627 1157 2709 quia
1181 2629 1256 2690 ani-

302 2747 360 2791 ma
382 2727 490 2809 perit!
543 2725 590 2790 Et
613 2727 750 2803 iterum,
774 2725 975 2789 Scrutemur
999 2725 1076 2790 vias
1105 2734 1256 2804 nostras,

302 2834 338 2891 et
367 2845 574 2908 quaeramus,
601 2834 637 2890 et
661 2833 875 2891 revertamur
900 2826 945 2889 ad
972 2825 1180 2906 Dominum3
1207 2827 1256 2890 le-

243 3009 249 3016 ,
301 2948 422 2992 vemus
447 2929 552 2993 corda
582 2934 702 2991 nostra
726 2946 804 2990 cum
828 2927 987 2990 manibus
1014 2926 1058 2990 ad
1082 2927 1196 2990 Deum
1220 2927 1256 2991 in

257 3050 289 3095 ns
302 3029 404 3092 coelo.
456 3029 524 3092 Sed
553 3035 589 3092 et
614 3028 700 3091 illud
728 3027 900 3110 apostoli;
936 3026 1103 3109 cupimus
1133 3046 1256 3090 unum-

303 3148 473 3212 quemque
486 3136 639 3194 vestrum
653 3129 690 3192 in
705 3129 895 3193 visceribus
912 3127 1042 3192 Christi
1056 3146 1142 3191 esse.

355 3229 441 3311 §aa
465 3229 581 3307 Quam
610 3229 702 3292 enim
735 3228 883 3292 libenter
910 3229 975 3292 hoc
1002 3229 1039 3291 in
1068 3228 1157 3305 loco,
1186 3228 1258 3291 acsi
1270 3237 1316 3276 The
1336 3245 1419 3285 retors-

303 3329 446 3391 marinis
473 3329 633 3391 fluctibus
654 3328 823 3410 jactatus,
852 3335 888 3391 et
911 3328 949 3390 in
971 3334 1091 3409 optato
1117 3336 1257 3392 evectus
1270 3286 1398 3376 lilldfflr'

304 3434 408 3511 portu
424 3428 537 3503 remis,
560 3427 674 3490 sinon
697 3434 813 3491 tantos
833 3427 990 3507 talesque
1010 3426 1152 3489 malitiae
1167 3428 1258 3507 opis·
1270 3385 1404 3435 ΜΡΝ

260 3548 292 3592 ao
305 3546 470 3609 coporum
490 3527 547 3590 vel
573 3533 765 3590 ceterorum
790 3526 1008 3590 sacerdotum
1032 3532 1094 3588 aut
1116 3525 1258 3588 clerico-

305 3647 394 3704 rum,
428 3627 465 3690 in
492 3634 613 3692 nostro
645 3647 782 3710 quoque
817 3618 937 3690 ordine
970 3624 1056 3706 erigi
1092 3625 1257 3688 adversus
1303 3679 1305 3685 ,

306 3728 420 3792 Deum
431 3727 593 3791 vidissem
609 3734 757 3805 montes,
775 3746 862 3810 quos
876 3746 930 3790 me
943 3724 1132 3790 secundum
1146 3725 1258 3806 legem

306 3847 370 3891 ceu
385 3835 492 3892 testes
507 3829 655 3911 primum
677 3829 771 3891 duris
789 3829 972 3891 verborum
989 3825 1161 3902 cautibus,
1179 3825 1258 3887 dein

307 3929 485 4010 populum,
505 3929 535 3992 si
557 3936 674 3994 tamen
695 3927 931 3991 sanctionibus
949 3927 1107 4002 inhaeret,
1127 3943 1198 3987 non
1219 3930 1259 3987 ut

345 4102 365 4135 ¹²
402 4106 546 4169 Propheta]
586 4104 771 4167 Ecclesiastici,
832 4098 853 4131 ²²
870 4099 1033 4163 scrutemur]
1046 4098 1206 4148 Lamentiii.
1219 4101 1265 4160 40,

309 4176 363 4224 xxi.
375 4180 407 4236 23
418 4177 480 4225 xvii.
493 4179 535 4224 27.
798 4175 839 4222 41.

345 4243 365 4275 ¹⁹
384 4246 524 4309 Optabam]
542 4245 614 4296 Rom.
627 4245 663 4295 ix.
676 4248 700 4294 3.
835 4239 855 4271 ᾗ
873 4234 1013 4307 Cepimus]
1027 4239 1141 4300 Philipp.
1154 4239 1171 4287 i.
1185 4242 1209 4287 8.

836 4309 856 4340 ³³
874 4310 1014 4374 Cautibus]
1031 4309 1061 4359 V.
1072 4325 1079 4370 3
1091 4309 1202 4370 cutibus,
1214 4308 1248 4356 Β.
