3014 5046
511 472 685 521 maroam
709 471 839 518 cnon.
1107 455 1152 518 27

196 628 413 710 impudentes
435 635 650 710 grassatores
673 628 718 691 ad
742 627 903 692 hibernas
923 628 1055 703 doinos,
1070 635 1151 709 post

112 733 115 737 '
197 748 267 791 non
298 727 446 790 multum
469 729 634 809 temporis
669 727 850 790 reversuri.
905 727 998 791 Picti
1023 729 1059 794 in
1089 747 1151 790 ex-

198 834 308 891 trema
327 834 427 907 parte
449 826 572 890 insulae
597 833 672 890 tum
696 827 845 908 primum
862 833 898 889 et
913 826 1075 908 deinceps
1098 846 1151 890 re·

198 925 415 1008 quieverunt,
439 925 575 1007 praedas
595 932 630 989 ct
653 925 879 988 contritiones
901 944 1150 1006 nonnunquam

172 1024 377 1090 sfacientes.
431 1025 475 1088 In
512 1024 640 1087 talibus
671 1025 789 1106 itaque
818 1023 967 1087 induciis
993 1022 1152 1088 desoluto

200 1124 341 1205 populo,
357 1142 453 1187 saeva
473 1122 618 1187 cicatrix
634 1122 828 1199 obducitur,
844 1122 913 1186 alia
929 1122 1154 1187 virulentiore

200 1230 316 1286 tactus
329 1222 534 1303 pullulante.
583 1220 792 1299 Quiescente
818 1229 934 1285 autem
945 1222 1153 1298 vastatione,

201 1322 308 1385 tantis
331 1321 620 1385 abundantiarum
646 1321 755 1403 copiis
780 1320 895 1385 insula
918 1320 1092 1397 affluebat,
1115 1328 1155 1384 ut

200 1421 298 1485 nulla
328 1420 447 1483 haberi
476 1420 565 1483 tales
596 1427 689 1483 retro
713 1427 800 1484 aetas
828 1421 1052 1496 meminisset,
1075 1439 1154 1482 eum

157 1539 189 1584 ro
201 1520 325 1602 quibus
358 1519 562 1584 omnimodis
596 1526 632 1582 et
663 1519 804 1583 luxuria
839 1520 973 1584 crescit.
1036 1518 1155 1584 Crevit

201 1620 328 1682 etenim
350 1619 503 1700 germine
527 1618 758 1700 praepollenti,
782 1617 834 1682 ita
857 1628 897 1683 ut
921 1626 1156 1700 competenter

201 1717 320 1782 eodem
346 1725 501 1799 tempore
527 1717 710 1794 diceretur,
731 1717 881 1781 Omnino
909 1718 990 1780 talis
1017 1717 1157 1781 auditur

201 1818 292 1883 inter
308 1835 372 1879 vos
386 1814 582 1892 fornicatio,
605 1816 718 1898 qualis
737 1835 802 1878 nec
823 1817 914 1880 inter
933 1823 1055 1896 gentes
1077 1815 1155 1880 fuit.

204 1915 287 1979 Non
310 1915 422 1978 solum
443 1935 526 1980 vero
548 1913 615 1978 fuit
636 1914 702 1978 hoc
723 1915 859 1991 vitium,
881 1915 942 1979 sed
964 1923 1000 1979 et
1018 1915 1157 1978 fuerunt

158 2037 190 2082 rs
203 2015 332 2091 omnia,
354 2034 432 2097 quae
456 2014 616 2078 humanae
639 2021 774 2078 naturae
798 2015 953 2078 accidere
974 2015 1099 2091 solent,
1122 2021 1157 2078 et

203 2114 388 2196 praecipue,
410 2113 502 2195 quod
525 2121 561 2178 et
576 2132 669 2177 nunc
683 2132 820 2195 quoque
835 2114 872 2176 in
895 2133 937 2177 ea
953 2114 1060 2177 totius
1076 2114 1157 2177 boni

204 2214 328 2279 evertit
350 2220 492 2290 statum,
524 2213 640 2277 odium
666 2214 824 2277 veritatis
851 2212 917 2277 fuit
942 2233 1020 2276 cum
1045 2231 1157 2277 asser-

204 2313 336 2377 toribus
359 2312 443 2390 suis,
466 2331 563 2375 amor
584 2312 755 2376 mendacii
777 2331 856 2376 cum
878 2313 950 2376 suis
971 2312 1157 2376 fabricato·

183 2412 310 2488 ribus,
342 2412 516 2493 susceptio
545 2412 628 2474 mali
658 2431 722 2493 pro
757 2412 861 2487 bono,
889 2412 1066 2476 veneratio
1096 2430 1155 2474 ne·

158 2535 192 2580 ao
206 2511 325 2592 quitiae
358 2531 421 2592 pro
447 2510 674 2590 benignitate,
702 2510 827 2591 cupido
849 2511 1068 2573 tenebrarum
1094 2529 1157 2590 pro

206 2610 290 2686 sole,
306 2609 465 2691 exceptio
489 2608 629 2672 Satanae
651 2627 715 2689 pro
738 2607 863 2688 angelo
881 2607 983 2672 lucis.
1036 2607 1157 2687 Unge-

204 2710 332 2772 bantur
354 2722 454 2788 reges
475 2713 510 2770 et
532 2726 603 2769 non
623 2726 686 2788 per
707 2706 833 2782 Deum,
865 2704 926 2768 sed
950 2706 1010 2786 qui
1035 2706 1158 2768 ceteris

205 2806 412 2870 crudeliores
421 2812 621 2885 exstarent;
638 2813 675 2868 et
686 2804 790 2886 paulo
801 2810 882 2886 post
890 2805 934 2868 ab
945 2804 1159 2881 unctoribusr,

205 2926 276 2971 non
295 2926 358 2988 pro
382 2907 456 2970 veri
485 2905 753 2981 examinatione,
778 2904 1052 2981 trucidabantur,
1080 2903 1158 2966 aliis

160 3006 324 3075 neclectis
349 3006 567 3070 trucioribus.
620 3005 658 3068 Si
685 3004 764 3086 quis
787 3023 870 3069 vero
895 3004 1012 3068 mitior
1040 3022 1159 3067 eorum

240 3306 430 3356 ¹Adliberaus
440 3308 542 3370 drawa]
560 3308 669 3356 Hiberni
731 3301 917 3367 ⁷Vortotioaa]
929 3304 1162 3367 Vastatioest,A.;

205 3377 302 3438 domos,
313 3379 348 3424 Β.
363 3376 408 3441 (on
421 3391 454 3423 an
465 3373 595 3439 erasure);
613 3377 669 3436 Hy·
693 3376 820 3435 vastitate,
832 3376 866 3425 Β.
879 3375 909 3424 V.

206 3448 277 3495 berni
288 3447 399 3504 domum,
415 3445 445 3492 V.
730 3440 869 3505 ”Habeam
887 3442 1000 3502 Habere,
1012 3443 1046 3490 Β.
1063 3442 1094 3491 V.

241 3512 384 3562 matrem
402 3512 494 3574 parta]
523 3511 575 3559 ubi
601 3513 670 3560 Picti
730 3508 845 3571 wana]
863 3511 915 3569 a,
932 3509 1042 3569 anal

207 3584 355 3634 habitabant
365 3581 515 3640 antiquitus,
525 3578 559 3629 A.
571 3595 650 3642 marg.
731 3576 751 3608 ¹²
765 3579 890 3641 obrutae]
908 3581 921 3627 l
935 3578 993 3627 Cor.
1005 3592 1031 3627 v.
1043 3581 1067 3629 l.

242 3651 253 3682 ⁴
274 3650 460 3712 Goatritionerq
484 3649 671 3712 contentiones,
733 3646 753 3678 ¹⁴
764 3647 847 3708 Fuit]
871 3649 926 3697 Om.
944 3647 974 3697 V.

212 3723 242 3773 V.
732 3716 754 3749 ¹⁴
766 3719 823 3782 Et]
845 3719 894 3778 V.;
910 3732 956 3767 om.
968 3714 1002 3765 A.

242 3790 252 3821 ⁵
265 3784 399 3857 inducite]
413 3787 576 3849 Quientibus,
587 3787 620 3838 A.
629 3790 672 3837 od·
733 3786 752 3819 ¹⁶
763 3782 904 3855 Accidere]
922 3785 956 3837 Β.
974 3787 1004 3837 V.
1014 3802 1021 3848 ;
1032 3784 1162 3848 accedere,

208 3863 255 3912 dit.
697 3859 731 3908 A.

243 3930 254 3959 ⁶
265 3929 402 3991 Desolata]
419 3928 551 3988 Desolato,
563 3928 597 3976 Β.
734 3923 753 3955 ¹⁶
764 3923 822 3993 Et]
845 3927 875 3977 V.
886 3943 893 3986 3
904 3940 950 3975 om.
961 3923 995 3974 A.

244 3993 254 4026 ⁶
267 3999 402 4061 cicatrix]
420 3999 515 4060 Famis,
525 3997 560 4047 A.
571 3997 649 4046 addit.
733 3992 752 4025 ²¹
766 3995 843 4057 Sola]
859 3995 984 4055 lustitia,
994 3992 1028 4042 A.
1040 3992 1118 4042 addit.

243 4064 253 4097 ⁶
268 4068 426 4130 Obdacitar.]
438 4069 525 4129 Fame,
532 4070 566 4118 Β.
578 4067 672 4126 addit.;
733 4062 754 4096 Β
767 4063 940 4124 cardetum]
961 4061 1162 4126 Crudelioribus,

208 4139 343 4188 obducitur
352 4138 437 4201 famis,
448 4138 500 4187 alia
510 4137 672 4186 virulentiore
700 4138 734 4186 Β.

207 4209 292 4272 tacite,
308 4208 337 4258 V.
733 4202 923 4266 Vastauna]
943 4201 1109 4264 Exsisterent‚
1131 4200 1162 4252 V.
