3014 5046
629 449 800 498 EPlSTOLA
824 453 954 501 GlLDAE.
1222 443 1265 506 83

309 605 498 670 mirabilem
520 608 741 690 praedicando
765 608 894 673 Christi
918 610 1147 691 Evangelium
1171 613 1263 676 orbis

307 724 396 786 pene
426 707 618 786 circuitum,
649 717 689 773 ut
715 728 778 773 vas
807 709 985 774 electionis
1022 711 1262 795 Magisterque

308 802 474 870 Gentium
486 808 628 886 electus,
643 810 757 890 capite
771 810 896 891 plexus
911 813 990 874 esti

358 904 453 988 574.
488 906 577 985 Quis
601 915 768 986 vestrum,
794 916 833 972 ut
866 917 1008 975 sanctus
1037 918 1170 994 martyr
1198 912 1259 995 Ig-
1274 927 1376 977 Examue
1393 931 1416 969 or

277 1005 434 1084 buatius,
461 1004 659 1073 Antiochiae
693 1009 788 1073 urbis
818 1009 1013 1092 episcopus,
1041 1017 1122 1093 post
1149 978 1375 1077 11111111·ῙΕΙιιιιΙιιΙ

306 1105 471 1169 rabiles
461 1126 497 1171 m
528 1106 667 1172 Christo
698 1117 809 1186 actus,
838 1110 882 1173 ob
913 1110 1147 1175 testimouium
1183 1112 1260 1196 ejus

305 1203 444 1270 leonum
485 1207 587 1273 molis
629 1208 753 1273 Romae
790 1208 988 1274 confractus
1029 1212 1116 1274 estl
1159 1211 1260 1295 cujus

304 1306 422 1384 verba,
452 1326 531 1371 cum
558 1307 602 1373 ad
624 1310 820 1391 passionem
847 1307 1042 1386 duceretur,
1067 1311 1259 1389 audientes

305 1404 336 1467 si
365 1406 553 1490 aliquando
581 1409 699 1474 vultus
728 1408 836 1474 vestri
863 1410 987 1473 rubore
1014 1409 1136 1474 suffusi
1162 1419 1257 1489 sunt,

259 1523 292 1570 ro
305 1524 375 1568 non
401 1506 514 1571 solum
537 1508 574 1571 in
595 1510 853 1592 comparatione
874 1509 950 1593 ejus
973 1528 1037 1574 vos
1062 1529 1132 1575 non
1156 1517 1258 1592 puta·

303 1605 385 1668 bitis
403 1608 613 1686 sacerdotes
634 1610 695 1673 sed
718 1631 762 1675 ne
782 1608 970 1674 mediocres
988 1597 1125 1691 quidem
1140 1608 1258 1674 Chris-

303 1703 419 1769 tianos
441 1725 528 1772 esse.
580 1705 644 1772 Ait
656 1709 748 1772 enim
762 1709 799 1771 in
815 1708 974 1791 epistola,
996 1728 1101 1791 quam
1121 1709 1166 1773 ad
1183 1709 1257 1775 Ro-

303 1823 441 1869 manam
469 1806 659 1871 Ecclesiam
692 1808 808 1887 misit;
843 1805 900 1872 ‘A
924 1807 1026 1889 Syria
1047 1827 1158 1890 usque
1183 1808 1257 1873 Ro·

303 1923 393 1968 mam
419 1926 497 1969 cum
522 1907 642 1970 bestiis
663 1914 756 1971 terra
779 1907 934 1989 marique
955 1907 1116 1991 depugno
1137 1908 1193 1974 die
1216 1927 1258 1974 ac

259 2018 290 2063 rs
303 2012 416 2082 nocte,
445 2025 624 2070 connexus
651 2014 687 2070 et
711 2007 895 2089 colligatus
924 2006 1041 2071 decem
1070 2008 1254 2090 leopardis,

302 2104 479 2184 militibus,
495 2105 584 2183 dico,
599 2107 644 2171 ad
665 2106 859 2171 custodiam
883 2107 986 2184 datis,
1001 2106 1061 2189 qui
1084 2128 1127 2171 ex
1151 2109 1255 2173 bene-

302 2204 388 2267 ficiis
413 2207 541 2270 nostris
562 2207 726 2272 saeviores
738 2207 837 2271 fiunt.
890 2207 958 2271 Sed
972 2227 1038 2289 ego
1053 2227 1171 2275 eorum
1195 2229 1254 2272 ne-

302 2304 421 2385 quitiis
453 2308 565 2389 magis
594 2307 743 2383 erudior,
767 2326 831 2370 nec
856 2313 973 2371 tamen
998 2306 1035 2370 in
1058 2306 1125 2371 hoc
1148 2307 1254 2391 justi-

302 2404 426 2468 ficatus
447 2425 535 2471 sum.
588 2406 619 2469 0
651 2407 822 2469 salutares
849 2407 990 2481 bestias,
1016 2424 1094 2486 quae
1118 2426 1254 2488 praepa-

256 2516 289 2561 ao
302 2512 425 2568 rantur
457 2507 552 2582 mihi,
587 2505 725 2585 quando
754 2505 920 2568 venient'l
968 2505 1106 2584 quando
1153 2506 1253 2569 emit-

301 2606 444 2667 tenturl
476 2604 616 2685 quando
647 2605 697 2667 eis
721 2603 790 2666 srui
814 2602 931 2668 licebit
955 2603 1117 2667 carnibus
1143 2603 1252 2668 meisl

301 2722 389 2784 quas
415 2722 480 2784 ego
505 2710 634 2786 exopto
657 2703 807 2767 acriores
829 2702 956 2785 parari,
971 2708 1007 2766 et
1025 2701 1182 2766 invitabo
1209 2703 1253 2769 ad

301 2802 560 2868 devorationem
581 2803 661 2881 mei,
677 2810 713 2867 et
734 2803 944 2884 deprecabor
965 2821 1009 2864 ne
1032 2801 1133 2878 forte,
1155 2803 1253 2865 utin

302 2903 477 2966 nonnullis
499 2903 666 2980 fecerunt,
687 2902 832 2966 timeant
846 2901 1016 2984 attingere
1039 2921 1163 2984 corpus
1181 2922 1252 2965 me-

255 3021 287 3065 as
301 3023 372 3081 um,
386 3003 539 3085 quinimo
561 3011 597 3068 et
619 3004 649 3067 si
671 3003 937 3079 cunctabuntur,
952 3022 1017 3085 ego
1032 3004 1103 3066 vim
1116 3001 1253 3080 faciam,

301 3123 367 3184 ego
397 3124 451 3167 me
480 3105 646 3186 ingeram.
708 3104 813 3180 Date,
844 3121 975 3183 quaeso,
1004 3103 1153 3179 veniam,
1187 3123 1253 3184 ego

302 3203 383 3268 novi
398 3203 479 3285 quid
495 3203 658 3286 expediat
671 3202 765 3279 mihi,
784 3222 876 3266 nunc
890 3202 1017 3284 incipio
1032 3220 1107 3266 esse
1124 3201 1254 3267 Christi

301 3302 512 3385 discipulus3
536 3302 687 3366 facessat
710 3302 842 3365 invidia
854 3302 910 3365 vel
932 3300 1074 3364 humani
1097 3301 1253 3379 affectus,

301 3403 358 3466 vel
380 3401 544 3483 nequitiae
572 3400 773 3482 spiritualis
799 3406 839 3462 ut
863 3399 900 3461 in
923 3398 946 3463 J
950 3417 1047 3462 esum
1077 3397 1253 3477 Christum

256 3521 289 3566 so
301 3502 446 3584 adipisci
481 3520 615 3563 merear
643 3500 754 3580 ignee,
784 3516 914 3574 cruces,
944 3497 1086 3574 bestias,
1121 3497 1252 3579 dispcr-

301 3601 416 3666 siones
439 3601 581 3678 ossium,
604 3597 922 3681 discerpsionesque
948 3598 1189 3673 membrorum,
1212 3616 1254 3661 ac

301 3702 409 3764 totius
423 3701 579 3784 corporis
593 3718 720 3782 poenae,
735 3705 771 3763 ct
786 3698 902 3761 omnia
915 3697 952 3761 in
966 3718 1020 3761 me
1040 3716 1148 3760 unum
1171 3715 1253 3779 sup-

301 3800 405 3881 plicia
418 3801 547 3866 diaboli
570 3807 644 3863 arte
667 3799 814 3880 quaesita
828 3798 1055 3880 complentur,
1071 3797 1254 3861 dummodo

335 3980 518 4047 uuquam]
535 3983 567 4030 In
585 3983 619 4032 B.
635 3982 678 4031 the
694 3983 765 4031 word
791 3995 899 4043 passage
916 3981 975 4029 here
992 3981 1086 4041 quoted
1102 3980 1179 4028 forms
1196 3994 1252 4039 cap.

302 4054 325 4102 is
335 4055 437 4102 written
448 4054 518 4115 thus,
529 4050 609 4102 ‘alfa’
790 4052 824 4100 iv.
837 4050 866 4099 os
881 4050 923 4099 the
942 4051 1041 4111 Epistle
1051 4054 1077 4097 to
1088 4049 1130 4097 the
1143 4049 1253 4098 Romans

336 4116 544 4190 ⁹Suffusisuat.]
558 4122 664 4171 Consum
672 4124 766 4183 essent
790 4122 817 4168 in
833 4121 875 4169 the
892 4121 988 4169 edition
1007 4120 1037 4169 ol
1055 4119 1145 4181 Smitb,
1167 4119 1252 4169 Oxou.

303 4195 357 4290 ΒΗ
376 4263 510 4311 &manum
529 4261 685 4324 Ecclesiam]
712 4260 766 4309 'l'he
791 4194 999 4324 Ullllletplrlgno]
1017 4260 1118 4376 Pugqo,
1131 4260 1164 4380 ξ

1103 4342 1118 4375 c
