3014 5046
351 461 395 525 86
662 472 832 520 uuisioni
857 468 988 519 cinna.

353 630 562 708 sacerdotes,
589 637 625 693 et
648 650 718 693 non
741 631 829 692 bene
855 627 1021 712 populum
1049 634 1121 690 tam
1149 628 1310 712 exempla

354 750 458 816 quam
475 732 582 795 verba
603 730 778 807 docentes,
798 729 968 792 minarum
987 727 1162 810 loquatur.
1215 728 1310 794 Nam

355 841 391 898 et
414 830 498 895 Heli
525 829 584 894 ille
611 829 772 893 sacerdos
799 830 835 892 in
862 829 946 906 Silo,
975 846 1038 910 pro
1060 847 1102 891 eo
1125 828 1218 909 quod
1239 848 1310 893 non

355 933 461 1014 digno
491 931 568 994 Deo
596 930 670 993 zelo
707 948 825 993 severe
862 929 899 991 in
931 928 1021 991 filios
1051 933 1312 993 contemnentes

359 1034 473 1096 Deum
495 1030 590 1094 ultus
604 1029 730 1106 suerat,
746 1030 806 1093 sed
827 1028 978 1092 molliter
992 1035 1028 1091 et
1042 1028 1239 1103 clementer,
1254 1035 1311 1093 ut·
1339 1050 1355 1094 s

359 1139 440 1215 pote
468 1138 613 1212 paterno
637 1129 774 1207 affectu,
797 1128 1034 1204 admonuerat,
1065 1128 1128 1192 tali
1156 1129 1311 1192 animad-

360 1232 518 1296 versione
553 1230 749 1306 damnatur,
777 1229 912 1292 dicente
943 1224 987 1291 ad
1015 1246 1092 1292 eum
1123 1228 1312 1312 Propheta,

361 1329 452 1393 Haec
486 1329 570 1392 dicit
597 1330 780 1406 Dominus,
809 1327 998 1392 Manifesta
1024 1328 1159 1393 ostendi
1189 1348 1245 1392 me
1267 1329 1312 1394 ad

360 1430 499 1494 domum
529 1429 638 1511 patris
668 1429 719 1491 tui
748 1447 825 1491 cum
852 1433 969 1491 essent
1000 1429 1036 1490 in
1061 1428 1218 1512 AEgypto
1241 1446 1314 1493 ser-

361 1530 494 1594 vientes
509 1528 715 1606 Pharaonis,
734 1535 770 1592 et
791 1527 881 1609 elegi
902 1527 1042 1592 domum
1063 1529 1173 1612 patris
1195 1529 1247 1594 tui
1269 1548 1315 1593 ex
1327 1546 1360 1593 ro

362 1631 520 1694 omnibus
540 1629 696 1693 tribubus
713 1626 824 1692 Israel
844 1627 929 1690 mihi
950 1629 988 1690 in
1011 1629 1216 1694 sacerdotio.
1268 1628 1316 1695 Et

362 1737 443 1812 post
462 1748 585 1813 pauca,
600 1727 718 1806 Quare
741 1728 926 1810 respexisti
947 1727 983 1790 in
1001 1728 1180 1793 incensum
1200 1746 1315 1793 meum

363 1837 399 1893 et
418 1830 454 1892 in
479 1829 685 1893 sacrificium
699 1848 812 1892 meum
829 1828 985 1910 improbo
1007 1828 1134 1893 oculoi
1158 1836 1193 1894 et
1206 1829 1316 1894 hono·

364 1929 506 1993 rificasti
521 1929 610 1992 filios
637 1937 714 1993 tuos
736 1929 932 2010 plusquam
954 1947 1021 2005 me,
1035 1936 1075 1993 ut
1097 1929 1316 1994 benediceres

364 2048 424 2092 eos
441 2048 463 2091 a
477 2029 664 2111 primordio
676 2028 712 2091 in
727 2028 885 2091 omnibus
909 2027 1086 2093 sacrificiis
1100 2048 1216 2094 coram
1236 2033 1315 2095 met
1329 2044 1360 2092 rt

365 2129 412 2191 Et
435 2147 528 2191 nunc
550 2128 599 2190 sic
622 2127 706 2191 dicit
729 2127 912 2204 DominuS,
925 2127 1100 2206 Quoniam
1124 2130 1184 2212 qui
1207 2129 1316 2195 hono-

365 2227 501 2290 rificant
523 2246 589 2303 me,
604 2225 781 2290 honorabo
804 2244 884 2306 eos3
907 2228 1015 2310 etqui
1038 2248 1101 2312 pro
1126 2230 1234 2295 nihilo
1254 2229 1316 2294 ha-

365 2329 448 2390 bent
461 2346 527 2403 me,
550 2325 594 2388 ad
617 2326 762 2389 nihilum
782 2326 993 2409 redigentur.
1045 2330 1148 2408 Ecce,
1170 2330 1244 2395 dies
1257 2350 1317 2396 ve-

365 2427 473 2504 nient,
488 2434 524 2490 et
544 2426 741 2509 disperdam
755 2446 881 2491 nomen
894 2436 1003 2508 tuum,
1019 2436 1054 2494 et
1068 2447 1185 2495 semen
1195 2431 1318 2495 domus

365 2527 475 2609 patris
500 2526 563 2591 tui.
615 2527 662 2591 Et
684 2526 750 2591 hoc
771 2527 835 2591 tibi
856 2528 993 2610 signum
1016 2529 1074 2608 sit,
1095 2531 1187 2612 quod
1202 2531 1364 2596 venietis

366 2645 470 2708 super
491 2627 579 2690 duos
600 2627 689 2691 filios
708 2634 788 2692 tuos
804 2628 921 2710 Ophni
944 2637 980 2693 et
995 2629 1167 2712 Phinees;
1189 2631 1226 2695 in
1247 2650 1318 2695 uno

367 2728 422 2791 die
444 2727 634 2791 morientur
655 2729 757 2792 ambo
778 2728 815 2791 in
837 2728 954 2809 gladio
968 2729 1132 2795 virorum.
1184 2728 1222 2794 si
1244 2730 1319 2795 hoec

366 2827 485 2909 itaque
506 2827 698 2910 patiuntur,
714 2827 774 2910 qui
788 2826 902 2892 verbis
918 2835 1055 2894 tantum
1077 2830 1263 2915 subjeetoS,
1283 2837 1320 2896 et

368 2946 438 2990 non
460 2927 566 3007 digna
587 2924 718 2989 ultione
742 2927 938 3004 emendant,
953 2929 1036 3010 quid
1058 2929 1144 3011 ipsis
1165 2930 1236 3010 fiet,
1260 2930 1320 3014 qui

368 3025 411 3088 ad
427 3024 519 3087 mala
534 3024 718 3088 hortantur
730 3025 907 3106 peccando
920 3032 956 3090 et
969 3027 1136 3093 trahuntt
1330 3042 1364 3092 ²⁵

355 3138 359 3146 ·
419 3124 507 3207 §Ja
543 3123 637 3202 Quid
666 3123 717 3186 illi
740 3143 877 3208 quoque
908 3126 1126 3210 perspicuum
1155 3134 1210 3192 est
1236 3149 1320 3194 vero

368 3223 453 3301 vati,
469 3232 548 3306 post
572 3223 803 3306 expletionem
826 3226 918 3306 signi
938 3229 982 3291 ab
1007 3227 1127 3292 eodem
1149 3229 1319 3311 praedicti,

368 3331 405 3388 et
419 3325 672 3389 restitutionem
685 3324 792 3388 aridae
807 3345 930 3390 manus
949 3327 1055 3411 impio
1069 3329 1155 3411 regi,
1169 3329 1275 3393 misso
1297 3349 1320 3394 a

368 3423 392 3487 J
394 3425 496 3488 udaea
504 3425 711 3508 prophetare
722 3425 758 3489 in
768 3426 903 3506 Bethel,
919 3427 1173 3511 prohibitoque,
1184 3429 1320 3512 nequid

368 3525 494 3588 ibidem
519 3527 585 3589 cibi
607 3532 776 3607 gustaret,
802 3546 843 3590 ae
866 3527 1010 3610 decepto
1033 3530 1077 3593 ab
1105 3529 1186 3606 alio,
1206 3535 1247 3594 ut
1268 3529 1320 3593 di·
1333 3550 1366 3596 so

370 3624 471 3700 citur,
504 3624 686 3707 propheta,
712 3632 751 3688 ut
773 3645 896 3708 parum
924 3628 1006 3710 quid
1036 3629 1138 3712 panis
1163 3636 1199 3693 et
1219 3649 1320 3712 aquae
1432 3630 1438 3639 “

371 3730 533 3800 sumeret,
569 3725 706 3804 obtigit,
734 3724 870 3789 dicente
899 3727 942 3790 ad
971 3747 1049 3792 eum
1080 3748 1144 3794 suo
1172 3729 1320 3812 hospite.

405 3980 536 4046 ⁴Seuere.]
554 3983 669 4042 Servare,
682 3982 716 4032 B.
859 4034 862 4039 ,
895 3980 1007 4046 2⁴Fiet]
1026 3983 1107 4045 Fecit,
1118 3983 1152 4032 B.

405 4049 414 4078 ⁴
436 4055 618 4102 Commnaeater
640 4054 721 4101 Deum
746 4054 832 4117 alim]
894 4050 915 4083 ²⁶
929 4053 997 4110 Quid
1020 4052 1059 4102 illi
1072 4089 1078 4102 .
1091 4088 1118 4104 ..
1136 4053 1225 4102 occidit
1246 4055 1322 4118 eum]

370 4123 514 4172 Contemtos
523 4124 549 4171 in
561 4124 645 4172 Deum
656 4123 752 4183 vultus,
764 4125 797 4174 B.
862 4125 916 4172 Om.
934 4124 963 4172 V.

405 4190 414 4218 ⁶
430 4193 540 4255 Utpote.]
559 4193 595 4240 Ut
605 4197 677 4253 puta,
690 4192 723 4243 B.
893 4190 915 4224 ³²
926 4193 1054 4257 Dicente]
1072 4197 1088 4242 2
1100 4194 1165 4257 Reg.
1177 4194 1233 4244 xiii.
1245 4198 1286 4244 at.

404 4257 414 4288 ⁷
427 4260 571 4324 Propheta]
588 4266 600 4310 l
614 4263 681 4311 Sam.
694 4263 721 4313 ii.
733 4267 775 4324 28,
786 4267 831 4313 etc.
