3014 5046
596 475 785 524 rnmrlrro
809 479 939 526 crana.
1219 467 1241 529 3

284 641 323 697 ut
347 642 443 716 puto,
470 642 505 698 et
530 634 674 698 amicale
705 635 898 716 quibusque
929 636 1078 718 egregiis
1109 637 1239 701 Christi

283 751 485 832 tyronibus;
520 771 626 833 grave
649 771 732 815 vero
762 759 797 815 et
823 751 1041 833 importabile
1067 756 1237 835 apostatis

281 865 533 948 insipientibus,
587 867 744 944 Quorum
779 867 923 949 priores,
951 867 988 930 ni
1013 867 1127 946 fallor,
1157 890 1237 933 eum

281 981 432 1046 lacrimis
462 983 551 1047 forte
581 1003 660 1065 quae
690 1003 735 1046 ex
765 982 833 1046 Dei
868 982 1014 1046 caritate
1046 984 1235 1066 profluunt,

252 1098 341 1163 salii
363 1099 454 1161 enim
480 1105 585 1180 atque
609 1119 687 1162 cum
700 1097 854 1174 tristitia,
869 1097 930 1160 sed
953 1118 1031 1180 quac
1057 1099 1099 1162 de
1121 1100 1234 1182 indig-

280 1214 420 1278 natione
432 1222 466 1279 et
480 1214 764 1297 pusillanimitate
778 1213 999 1296 deprehensae
1012 1215 1233 1281 conscientiae

279 1338 518 1414 extorquetur,
534 1331 620 1394 illud
634 1330 820 1413 excipient.

215 1557 217 1560 ⁴
280 1543 350 1603 aperi
367 1542 464 1602 nobis3'
481 1544 575 1603 quibus
591 1557 740 1604 responsum
766 1542 878 1603 regibus,
895 1556 941 1602 per
951 1545 989 1590 tot
1000 1543 1095 1602 secula,
1107 1543 1230 1604 Apostolo

277 1611 370 1674 suerat,
388 1613 464 1660 ‘Non
482 1615 541 1661 novi
560 1614 623 1663 vos.’
659 1613 741 1662 Audi·
765 1613 888 1672 ministro,
910 1612 1028 1660 membris
1055 1613 1132 1660 etiam
1159 1613 1230 1663 illius

278 1683 351 1730 eham
373 1696 443 1743 sane,
466 1683 537 1734 ‘Qui
558 1683 695 1731 crediderit
715 1687 741 1731 et
765 1681 1029 1742 primitivaeecelesiae
1041 1683 1167 1730 Dominus
1179 1698 1228 1731 non

279 1751 423 1812 baptizatus
434 1751 510 1800 inerit
521 1753 608 1800 salvus
619 1754 666 1800 erit
676 1769 682 1812 ;
695 1754 740 1813 qui
766 1751 880 1811 pepercit
892 1765 950 1798 cum
962 1766 978 1798 a
988 1755 1057 1799 recto
1073 1753 1172 1800 tramite
1183 1753 1228 1800 de-

279 1826 364 1869 autem
381 1836 431 1869 non
447 1821 581 1870 crediderit
592 1823 740 1871 condemna·
764 1820 933 1880 viarint,quid
944 1821 990 1868 tali
1001 1819 1078 1880 hujus
1089 1825 1227 1871 atramento

278 1890 364 1940 bitur!
399 1892 526 1952 Legebam
536 1891 654 1952 Apostoli
669 1907 740 1953 voce,
765 1890 848 1938 aetatis
865 1889 979 1937 facturus
996 1895 1052 1937 est?
1072 1891 1113 1938 cui
1133 1896 1227 1951 praeter

279 1958 390 2009 Oleastri
407 1976 505 2009 ramum
523 1961 596 2008 bonae
608 1962 682 2009 olivae
702 1962 739 2008 in-
763 1959 809 2007 illa
819 1958 928 2007 nefanda
935 1959 1104 2019 immaniaque
1111 1965 1225 2023 peccata,

280 2035 375 2078 sertum
397 2030 495 2090 suisse;
512 2030 557 2079 sed
581 2045 597 2078 a
618 2032 738 2080 societate
763 2043 822 2089 quae
842 2029 1006 2077 communiter
1028 2043 1085 2077 curn
1108 2031 1225 2081 omnibus

278 2100 371 2149 radicis
393 2101 556 2162 pinguedinis
575 2101 698 2162 ejusdem,
715 2103 737 2149 si
762 2098 850 2147 mundi
879 2099 1008 2148 sceleratis
1035 2101 1098 2160 agit,
1125 2101 1225 2149 accedit

277 2183 327 2216 non
350 2171 484 2232 timuisset,
507 2175 533 2218 et
554 2171 606 2218 alta
628 2177 737 2233 saperet,
763 2167 876 2230 [accidit,
899 2169 929 2218 V.
941 2168 983 2230 J.]
1000 2169 1077 2216 etiam
1096 2168 1161 2217 illud
1181 2186 1224 2219 re-

277 2239 453 2288 excidendum.
497 2241 613 2288 Sciebam
640 2242 737 2290 miseri-
761 2237 808 2287 luti
820 2239 959 2300 ingenitum
970 2238 1033 2298 quid
1052 2245 1077 2287 et
1088 2239 1222 2289 indelebile

277 2309 387 2357 cordiam
400 2310 566 2371 Domini,sed
576 2314 602 2358 et
608 2310 735 2372 judicium
760 2309 912 2370 insipientiae
935 2308 1035 2369 pondus
1062 2313 1088 2357 et
1111 2309 1222 2359 levitatis

276 2379 559 2440 timebam31audaham
568 2381 682 2442 gratiam,
690 2383 736 2430 sed
759 2377 929 2427 ineluctabile.
983 2377 1076 2429 Quidr
1109 2379 1222 2429 mihimet

275 2448 440 2498 redditionem
450 2450 588 2510 unicuique
596 2451 735 2498 secundum
760 2449 841 2509 aione,
860 2446 945 2509 miser,
964 2447 1011 2495 tibi
1024 2449 1104 2497 veluti
1122 2451 1222 2510 conspi-

275 2533 352 2579 opera
370 2533 417 2568 sua
435 2520 555 2578 verebar3
580 2534 640 2568 oves
658 2520 735 2568 unius
760 2531 808 2566 cuo
819 2533 849 2566 ac
867 2531 964 2565 summo
976 2517 1073 2565 doctori
1083 2518 1142 2566 talis
1159 2533 1222 2568 eura

275 2589 348 2637 ovilis
364 2588 501 2637 dissimiles
517 2602 629 2650 cernens,
647 2590 734 2637 merito
760 2588 930 2649 committitur,
958 2590 988 2634 ut
1015 2587 1100 2634 obstes
1127 2587 1221 2638 ictibus

274 2658 448 2707 beatissimum
460 2657 574 2706 dicebam
586 2658 691 2706 Petrum
702 2660 734 2708 ob
759 2658 810 2702 tem
826 2656 929 2703 violenti
947 2655 1073 2715 torrentis,
1092 2660 1119 2702 et
1134 2661 1220 2706 eontra

275 2728 370 2776 Christi
380 2729 503 2789 integram
511 2727 700 2789 confessionem,
709 2732 735 2776 at
759 2723 826 2772 hunc
837 2724 979 2773 inclitorum
990 2725 1113 2772 scelerum
1124 2723 1219 2787 funem,

273 2797 734 2859 Judaminfelicissimumproptereu-
759 2808 805 2854 per
826 2799 862 2843 tot
889 2808 1010 2843 annorum
1033 2794 1117 2854 spatia
1142 2795 1219 2843 inter-

273 2867 733 2929 piditatisamorem38tephanumglo·
757 2869 831 2925 rupte
841 2865 943 2925 lateque
959 2867 1122 2925 protractum,
1133 2878 1219 2914 serves

273 2937 369 2986 riosum
379 2938 411 2986 ob
422 2937 536 2998 martyrii
551 2938 670 3000 palmam,
687 2938 733 2986 sed
757 2934 901 2995 depositum
923 2935 970 2982 tihi
998 2933 1139 2982 aeditumi
1175 2935 1218 2995 Et,

275 3007 410 3056 Nicolaum
429 3008 548 3055 miserum
567 3013 671 3069 propter
687 3009 732 3056 im-
757 3009 851 3067 taceas,
870 3005 983 3064 alioquin
1002 3003 1049 3063 hoc
1069 3008 1108 3052 est
1120 3004 1217 3053 dixisse

273 3077 507 3126 mundaehaeresios
522 3082 614 3128 notam.
651 3079 732 3140 Lege-
757 3076 826 3138 pedi,
845 3075 994 3136 speculare;
1018 3079 1043 3121 et
1067 3075 1163 3134 manui,
1178 3074 1217 3123 fa-

272 3147 330 3195 bam
352 3152 429 3210 certe,
453 3148 550 3195 ‘Erant
572 3147 624 3197 illis
648 3151 732 3197 omnia
755 3149 817 3195 tere.
853 3145 940 3193 Habet
951 3145 1083 3192 Britannia
1098 3150 1217 3206 rectores,

273 3218 438 3278 communia3’
454 3219 500 3266 sed
516 3222 541 3265 et
556 3219 624 3278 quod
635 3218 731 3266 dictum
755 3215 831 3264 habet
842 3216 1021 3276 speculatores.
1047 3214 1217 3264 Quidtunu-

273 3292 320 3348 est,
339 3288 442 3339 ‘Quare
460 3288 575 3335 convenit
586 3288 657 3335 vohis
675 3293 730 3336 ten·
757 3284 839 3345 gando
850 3285 942 3332 mutire
954 3283 1083 3345 disponis?
1120 3283 1216 3345 Habet,

272 3361 326 3404 tare
352 3358 474 3417 Spiritum
494 3356 544 3403 Dei
552 3356 571 3402 t’
605 3356 730 3404 Videbam
755 3354 867 3414 inquam,
878 3353 962 3413 habet,
979 3355 1001 3401 si
1014 3366 1063 3400 nou
1074 3353 1151 3413 ultra,
1166 3368 1216 3401 non

272 3440 287 3473 e
313 3427 415 3487 regione
442 3428 565 3485 quantum
588 3426 731 3473 securitatis
755 3423 967 3471 citranumerum.
1004 3421 1054 3468 Sed
1065 3422 1127 3481 quia
1142 3423 1216 3469 ineli-

272 3495 415 3542 hominihus
430 3493 509 3541 nostri
519 3489 645 3554 temporis,
662 3508 692 3541 ac
709 3495 731 3542 si
755 3493 808 3538 nati
825 3495 895 3538 tanto
914 3491 1023 3549 pondere
1046 3494 1106 3536 sunt
1124 3491 1215 3550 pressi,

272 3580 321 3612 non
340 3569 408 3612 esset
418 3563 486 3624 quod
502 3563 640 3624 timeretur,
651 3563 732 3611 incre-
755 3560 849 3608 idcirco
871 3559 981 3620 spatium
1002 3558 1144 3617 respirandi
1165 3573 1215 3606 non

271 3638 350 3683 verat.
403 3632 470 3680 Haec
499 3632 578 3693 igitur
601 3636 627 3680 et
653 3633 731 3680 multo
755 3630 855 3678 habent.
896 3627 1116 3688 Praeoccupabant
1136 3628 1215 3688 igitur

271 3705 354 3766 plura,
362 3719 421 3764 quae
429 3703 559 3751 brevitatis
570 3716 649 3750 causa
659 3704 732 3750 omit·
755 3714 782 3747 se
804 3702 892 3747 mutuo
912 3699 1006 3747 talibus
1022 3697 1215 3759 objectionibus,

270 3774 348 3822 tenda
374 3773 541 3833 decrevimus,
568 3786 625 3819 cum
647 3773 730 3833 quali·
755 3771 796 3818 vel
812 3770 891 3817 multo
902 3769 942 3817 his
953 3766 1160 3828 mordacioribus,
1170 3781 1215 3814 ve·

271 3859 371 3905 cunque
388 3842 471 3891 cordis
488 3843 677 3902 compunctione
694 3847 731 3891 at·
755 3839 802 3886 luti
812 3839 1081 3888 condebitoressensus
1093 3837 1151 3885 mei.
1176 3836 1214 3883 Hi

270 3915 350 3962 tonita
360 3918 442 3961 mente
457 3912 682 3973 saepiusvolvens3
700 3913 731 3973 si,
755 3924 804 3957 non
825 3924 912 3969 parvo,
935 3912 964 3956 ut
982 3907 1047 3967 dixi,
1068 3910 1215 3966 tempore-

270 3983 382 4044 inquam,
405 3982 528 4044 peculiari
555 3996 587 4029 ex
615 3983 731 4030 omnibus
756 3993 813 4026 cum
836 3978 944 4039 legerem
961 3976 1077 4035 ‘tempus
1099 3988 1155 4022 esse
1177 3974 1215 4021 lo-

271 4055 414 4102 nationihus
425 4052 529 4113 populo,
546 4053 635 4100 semini
651 4052 731 4113 regali
756 4048 849 4108 quendi
860 4052 885 4095 et
893 4045 1062 4094 tacendi-et
1069 4044 1095 4091 in
1104 4043 1214 4104 quadam

272 4125 389 4184 gentique
407 4127 510 4183 sanetae,
529 4121 655 4182 adquam
674 4122 730 4170 dix-
756 4134 786 4167 ac
799 4119 820 4166 si
831 4119 940 4177 angusta
948 4114 1043 4161 timoris
1050 4115 1149 4173 porticu
1160 4113 1216 4161 luc-

271 4198 334 4253 erat,
345 4192 731 4253 ‘Primogenitusmeuslsraeh’
756 4190 881 4237 tabautur.
910 4183 1028 4233 Obtinuit
1038 4184 1148 4244 vicitque
1160 4188 1216 4232 tan-

271 4263 377 4322 ejusque
393 4261 576 4323 sacerdotibus,
594 4261 732 4323 prophetis,
756 4260 813 4308 dem
834 4254 971 4316 aliquando
989 4252 1107 4370 §redigen
1119 4254 1146 4302 Si
1166 4269 1215 4301 non

989 4330 994 4344 ·
1022 4336 1035 4369 a
