3014 5046
364 433 429 497 112
682 449 854 499 nrrsronn
877 448 1008 500 cunm.

363 606 654 672 immarcescibilis
677 616 782 690 atque
805 615 935 672 aeterna
957 609 1036 671 esti
1090 605 1136 668 Et
1153 604 1233 688 post
1255 606 1320 670 ali-

363 716 507 790 quanta,
537 708 685 789 Propter
713 708 817 788 quod,
847 707 1013 770 succincti
1043 711 1154 769 estote
1182 706 1319 771 lumbos

363 809 488 871 mentis
511 815 649 884 vestrae,
671 809 789 885 sobrii,
811 808 961 890 perfecte
976 813 1155 887 sperantes
1177 805 1214 868 in
1229 826 1317 886 eam,

362 928 440 990 quae
459 907 600 971 offertur
617 908 727 984 vobis,
748 909 907 988 gratiam,
932 907 968 969 in
992 906 1204 970 revelatione
1229 905 1317 970 Jesu

363 1007 504 1072 christi.
557 1006 746 1071 Rimamini
768 1026 916 1089 namque
935 1006 1084 1088 pectoris
1107 1005 1214 1070 vestri
1235 1025 1316 1088 pro·
1346 1021 1362 1065 ⁵

361 1107 481 1184 funda,
512 1127 557 1170 an
586 1108 691 1170 sobrii
716 1106 804 1183 sitis,
830 1114 866 1170 et
890 1105 1041 1188 perfecte
1066 1105 1316 1169 sacerdotalem

251 1256 259 1270 .
361 1207 510 1289 gratiam
546 1206 813 1270 examinandam
851 1205 888 1267 in
923 1205 1065 1269 Domini
1103 1205 1315 1270 revelatione

360 1306 583 1370 conservetis
636 1306 683 1369 Et
696 1307 821 1369 iterum
840 1306 935 1381 dicit,
951 1304 1063 1383 Quasi
1078 1304 1140 1367 filii
1154 1304 1314 1371 benedic-

359 1406 464 1469 tionis
487 1425 558 1469 non
580 1405 837 1486 configurantes
860 1425 922 1469 vos
938 1405 1007 1468 illis
1030 1405 1202 1488 prioribus
1212 1405 1314 1487 igno·

360 1506 483 1569 rantiae
499 1512 625 1568 vestroe
641 1505 830 1582 desideriis,
845 1505 905 1568 sed
923 1505 1112 1568 secundum
1128 1504 1230 1581 Eum,
1253 1506 1311 1588 qui
1328 1514 1360 1558 1⁰

358 1624 422 1668 vos
444 1604 583 1670 vocavit
605 1613 756 1681 sanctos,
779 1612 815 1668 et
836 1623 899 1668 vos
922 1605 1034 1669 sancti
1055 1605 1091 1667 in
1114 1605 1208 1667 omni
1229 1624 1313 1669 con·

358 1706 554 1769 versatione
582 1711 705 1782 estote,
742 1711 885 1787 propter
920 1705 1012 1786 quod
1048 1703 1214 1786 scriptum
1247 1712 1312 1784 est,

358 1803 479 1869 Sancti
496 1812 618 1881 estote,
634 1806 717 1886 quia
735 1808 803 1886 'ego
826 1823 902 1867 sum
920 1811 1073 1868 sanctus
1122 1802 1211 1881 Quis
1225 1824 1312 1886 rogo

357 1912 511 1968 vestrum
534 1904 586 1968 ita
608 1905 829 1968 sanctitatem
852 1910 927 1967 toto
950 1903 1057 1967 animi
1087 1903 1209 1967 ardore
1237 1922 1312 1968 sec-

358 2010 453 2068 tatus
477 2011 541 2080 est‚
563 2010 603 2066 ut
622 2003 699 2081 hoc,
720 2011 888 2085 quantum
913 2004 950 2066 in
972 2023 1010 2067 se
1036 2010 1101 2080 est,
1119 2003 1220 2067 avide
1242 2002 1312 2067 fes·
1327 2009 1357 2055 ¹⁶

358 2103 486 2168 tinaret
507 2103 672 2185 impleret
725 2102 792 2167 Sed
808 2103 985 2167 videamus
1007 2102 1090 2184 quid
1105 2103 1141 2165 in
1158 2102 1312 2185 ejusdem

357 2202 510 2266 secunda
544 2203 710 2266 Lectione
748 2203 977 2267 contineatur.
1030 2202 1220 2281 Carissimi,
1257 2204 1312 2267 in·

358 2303 444 2383 quit,
474 2303 607 2364 animas
635 2309 771 2365 vestras
800 2303 989 2385 castificate
1011 2302 1055 2366 ad
1085 2302 1311 2367 obediendum

358 2401 437 2465 fidei
462 2421 524 2484 per
545 2401 703 2484 spiritum
723 2402 759 2464 in
778 2403 934 2480 caritate,
953 2403 990 2465 in
1012 2402 1241 2480 fraternitate,
1265 2424 1311 2468 ex

359 2502 461 2565 corde
475 2522 557 2566 vcro
571 2501 719 2565 invicem
728 2502 911 2583 diligentes
921 2509 1195 2584 perseveranter,
1211 2504 1311 2586 quasi
1324 2521 1358 2567 ao
1400 2513 1403 2517 ’

358 2602 470 2665 renati
485 2622 555 2666 non
578 2621 623 2664 ex
638 2602 767 2664 semine
782 2603 1010 2683 corruptibili,
1027 2601 1087 2665 sed
1102 2602 1320 2686 incorrupti·⁸

357 2701 430 2778 bili,
448 2703 550 2765 verbo
567 2701 634 2764 Dei
648 2702 732 2778 vivi,
745 2708 780 2765 et
794 2703 1027 2785 permanentis
1042 2703 1078 2764 in
1095 2709 1275 2768 aeternum.

410 2800 517 2883 §loa
542 2800 632 2864 Haec
653 2801 788 2883 quidem
813 2802 856 2865 ab
880 2800 1052 2883 Apostolo
1076 2803 1253 2880 mandata,
1276 2812 1312 2869 et

358 2899 394 2961 in
417 2900 471 2963 die
498 2901 724 2964 ordinationis
746 2908 871 2964 vestrae
893 2901 996 2978 lecta,
1014 2908 1054 2964 ut
1073 2921 1115 2964 ea
1137 2902 1312 2985 indirupte

358 3000 588 3075 custodiretis,
619 3000 679 3062 sed
707 3019 927 3081 nequaquam
951 3020 972 3063 a
999 3001 1097 3064 vobis
1123 3001 1159 3063 in
1178 3002 1310 3085 judicio
1323 3018 1355 3062 25

357 3098 510 3180 impleta,
535 3097 595 3161 sed
619 3118 682 3162 nec
705 3099 851 3161 multum
873 3099 1028 3180 cogitata
1053 3101 1108 3164 vel
1134 3101 1311 3186 intellecta

358 3205 450 3260 sunt.
504 3198 551 3261 Et
570 3196 673 3275 infra,
698 3197 922 3280 Deponentes
945 3200 1053 3281 igitur
1078 3221 1212 3264 omnem
1237 3222 1309 3266 ma-

357 3297 480 3374 litiam,
511 3304 546 3361 et
575 3317 710 3363 omnem
740 3297 869 3375 dolum,
905 3306 940 3362 et
975 3299 1241 3379 simulationem,
1274 3309 1310 3366 et

357 3396 535 3474 invidiam,
558 3405 592 3462 et
615 3397 858 3476 detractiones
881 3399 1095 3464 sicutmodo
1123 3401 1232 3482 geniti
1255 3401 1309 3464 in-

357 3497 482 3574 fantes
499 3498 734 3575 rationabiles
755 3505 791 3562 et
806 3499 879 3561 sine
898 3500 976 3563 dolo
992 3501 1046 3563 lac
1066 3500 1309 3582 concupiscite,
1323 3512 1355 3558 eo

356 3605 396 3661 ut
428 3618 468 3661 eo
492 3598 655 3661 crescatis
683 3598 718 3660 in
746 3599 905 3676 salutem,
931 3599 1095 3681 quoniam
1119 3601 1229 3663 dulcis
1256 3608 1311 3665 est

357 3697 540 3760 Dominus
593 3696 800 3778 Recogitate
839 3718 884 3761 an
920 3698 995 3762 haec
1028 3719 1165 3782 quoque
1196 3701 1309 3764 surdis

357 3797 497 3858 auribus
534 3815 555 3858 a
589 3796 687 3859 vobis
726 3797 845 3860 audita
880 3799 1032 3862 crebrius
1053 3800 1309 3865 conculcentur.

357 3895 404 3959 Et
432 3896 569 3972 iterum,
599 3893 674 3960 Vos
707 3904 822 3960 autem
857 3918 966 3980 genus
1000 3898 1159 3976 electum,
1193 3901 1310 3980 regule

392 4142 412 4173 ¹⁴
430 4146 510 4208 Tota]
528 4145 557 4194 V.
567 4161 575 4204 3
586 4160 632 4195 om.
645 4145 678 4194 B.
885 4143 903 4173 ¹⁵
920 4146 997 4210 Hoc]
1016 4147 1045 4196 V.
1056 4162 1063 4208 ;
1075 4162 1120 4196 mu.
1137 4148 1167 4198 B.

393 4211 412 4241 ¹⁴
429 4211 565 4283 Sedulus]
583 4216 613 4266 V.
624 4231 631 4275 3
643 4219 756 4276 secutus,
769 4215 802 4264 B.
