3014 5046
509 460 681 520 msronra
705 460 835 506 cinna.
1104 442 1146 504 31

192 604 446 695 prosperatum,
479 615 562 678 item
592 616 700 679 mittit
727 616 918 679 satellitum
954 634 1148 696 canumque

192 712 415 793 prolixiorem
438 721 620 791 catastam,
635 733 713 795 quae
736 716 870 778 ratibus
892 713 1039 779 advecta
1061 714 1147 778 adu·

186 819 296 874 natur
318 832 396 876 cum
418 812 691 895 manipularibus
714 814 852 896 spuriis.
905 813 992 878 Inde
1008 834 1210 901 germenf

193 910 399 992 iniquitatis
426 913 527 975 radix
549 913 801 989 amaritudinis,
815 912 990 976 virulenta
1011 913 1148 994 planta-

165 1022 179 1065 5
194 1009 243 1072 tio
265 1011 394 1074 nostris
410 1012 583 1092 condigna
596 1012 740 1088 matitia,
753 1013 791 1073 in
805 1019 925 1074 nostro
942 1012 1083 1092 cespite,
1098 1010 1148 1074 fe·

195 1108 331 1172 rocibus
345 1110 546 1192 palmitibus
559 1110 812 1192 pampinisque,
829 1110 1034 1192 pullulabat.
1074 1109 1148 1191 Igi-

195 1213 254 1269 tur
268 1208 473 1272 intromissis
494 1210 531 1273 in
554 1208 704 1273 insulam
729 1211 898 1286 barbaris
919 1210 1029 1274 veluti
1058 1209 1148 1272 mili-

194 1307 299 1383 tibus,
315 1315 351 1372 et
372 1328 511 1388 magna,
530 1316 570 1372 ut
591 1308 858 1386 mentiebantur,
877 1328 940 1390 pro
962 1309 1063 1372 bonis
1077 1308 1147 1372 dis-

195 1406 339 1469 crimina
357 1407 549 1489 hospitibus
568 1409 745 1485 subituris,
759 1410 948 1492 impetrant
960 1408 1026 1471 sibi
1040 1426 1148 1472 anno-

150 1514 182 1570 1o
195 1523 259 1569 nas
277 1505 372 1585 dari3
396 1526 474 1588 quae
496 1508 606 1571 multo
631 1514 786 1590 tempore
807 1509 992 1590 impertitae
1014 1507 1147 1572 clause·

196 1612 288 1681 runt,
301 1612 341 1669 ut
363 1605 501 1683 dicitnr,
523 1607 619 1669 canis
642 1606 788 1672 faucem.
841 1607 932 1671 Item
958 1615 1149 1688 queruntur

196 1723 266 1766 non
281 1703 461 1768 affluenter
476 1705 541 1768 sibi
557 1706 727 1786 epimenia
749 1707 932 1782 contribui,
948 1706 1148 1769 occasiones

196 1801 240 1864 de
254 1802 425 1866 industria
439 1804 647 1880 colorantes,
661 1811 697 1867 et
716 1805 782 1868 nisi
803 1804 977 1886 profusior
1000 1803 1050 1866 eis
1073 1823 1148 1867 rnu-

197 1900 373 1965 nificentia
383 1902 627 1979 cumularetur,
638 1910 812 1967 testantur
826 1922 864 1966 se
877 1908 1003 1966 cuncta
1013 1902 1149 1981 insulae,

152 2013 183 2057 1⁵
197 2007 301 2081 rupto
323 2000 464 2078 foedere,
479 2002 761 2084 depopulaturos.
815 2002 891 2066 Nec
913 2021 1023 2078 mora,
1038 2003 1149 2065 minas

197 2098 374 2163 effectrbus
387 2109 654 2183 prosequuntur
1144 2158 1174 2187 N

250 2198 345 2282 §24
378 2199 637 2265 Confovebatur
672 2219 833 2282 namque,
863 2200 1007 2264 ultionis
1041 2200 1149 2283 justae
1163 2216 1266 2305 metppv
1269 2226 1306 2264 ase

198 2299 465 2378 praecedentium
487 2300 654 2364 scelerum
676 2319 793 2375 causa,
809 2299 853 2362 de
876 2301 963 2363 mari
979 2299 1149 2380 usquead

199 2415 293 2460 mare
317 2399 409 2479 ignis
433 2400 609 2462 orientalis
634 2397 882 2477 sacrilegorum
906 2418 1012 2462 manu
1041 2417 1150 2478 exag-

155 2503 352 2577 aogeratuS,
378 2504 414 2561 et
435 2496 598 2560 finitimas
621 2515 776 2578 quasque
799 2497 959 2560 civitates
981 2516 1152 2577 agrosque
1183 2573 1185 2578 Ι

200 2597 384 2677 populans,
400 2595 460 2676 qui
475 2615 546 2658 non
561 2594 692 2676 quievit
715 2612 892 2670 accensus,
915 2594 1023 2658 donec
1047 2613 1152 2657 cunc·

201 2702 274 2758 tam
288 2713 376 2775 pene
390 2712 539 2756 exurens
560 2692 687 2755 insulae
704 2691 919 2774 superficiem
935 2693 1040 2755 rubra
1062 2694 1152 2755 occi-

202 2792 376 2856 dentalem
387 2793 544 2875 trucique
552 2811 718 2855 oceanum
728 2790 850 2872 lingua
859 2790 1078 2854 delamberet.
1109 2791 1178 2873 Ins

202 2892 268 2956 hoc
284 2911 366 2974 ergo
381 2892 524 2974 impetu,
535 2889 683 2974 Assyrio
698 2890 778 2954 olim
795 2891 831 2953 in
843 2889 866 2954 J
868 2891 1004 2953 udaeam
1014 2909 1153 2972 compa-

157 3013 189 3059 ns
202 2993 324 3068 rando,
338 3012 475 3074 quoque
489 2992 652 3074 impletur
670 2992 707 3054 in
729 2991 828 3054 nobis
843 2991 1031 3055 secundum
1045 2989 1154 3054 histo·

203 3092 302 3169 riam,
312 3092 403 3174 quod
415 3092 593 3174 Propheta
605 3091 789 3174 deplorans
803 3091 903 3154 dicit:
921 3089 1156 3154 Incenderunt

203 3190 276 3272 igni
290 3192 523 3255 sanctuarium
537 3199 647 3267 tuum,
662 3192 698 3253 in
713 3197 806 3254 terra
828 3190 1026 3272 polluerunt
1040 3192 1154 3254 taber-

239 3434 410 3496 ²Cctustcm.]
427 3436 569 3495 Catervam,
585 3436 615 3485 V.
729 3432 747 3464 ¹¹
762 3430 927 3500 Queruntur]
946 3435 1112 3497 Quaeruntur,
1125 3437 1156 3486 V.

240 3504 250 3535 ³
270 3508 332 3555 Cum
355 3504 568 3566 occupatoribus]
593 3505 667 3553 Com·
729 3500 1155 3565 ¹²Epimeaic.]Sumtus,A.mcrg.

205 3573 415 3635 manipularibus,
426 3572 460 3622 A.
728 3569 748 3602 ¹³
759 3567 956 3640 Muuifieeatiu]
991 3572 1157 3633 Magnificen-

241 3642 427 3705 trallenses]
446 3642 572 3701 Pullulat,
588 3642 617 3691 V.
692 3643 738 3701 tia,
753 3641 783 3690 V.

240 3711 431 3762 ⁷Intromissis.
445 3747 452 3762 .
465 3706 612 3779 barbaria]
625 3712 668 3759 In·
729 3709 747 3741 ¹⁷
772 3710 969 3773 confovebatur]
998 3710 1045 3759 See
1074 3710 1156 3772 Beda,

205 3783 316 3832 tremissi
328 3817 334 3831 .
349 3818 355 3833 .
369 3818 375 3832 .
387 3782 498 3842 barbari,
514 3782 544 3832 V.
694 3780 730 3830 H.
742 3781 774 3830 E.
786 3780 800 3843 ξ
812 3785 853 3830 37.

240 3850 411 3914 musam]
430 3852 537 3913 milites,
553 3851 583 3900 V.
729 3847 749 3880 ¹⁹
763 3849 919 3912 osonum...]
933 3849 1067 3911 orientali,
1079 3849 1113 3897 Β.
1125 3848 1155 3897 V.

241 3915 253 3948 ⁸
263 3923 320 3985 Ea]
338 3922 388 3983 Ex,
400 3924 434 3970 Β.
729 3917 749 3949 ²⁰
760 3919 818 3981 Et]
839 3921 894 3967 Om.
906 3919 936 3968 V.

242 3986 412 4054 ”doliturus
430 3990 554 4049 Subituri,
570 3989 600 4038 V.
730 3986 747 4015 ²¹
762 3986 834 4048 Qun]
854 3989 909 4036 Om.
923 3987 956 4036 B.
973 3986 1003 4035 V.

242 4057 400 4123 ⁹Aanonas.]
418 4060 531 4120 Sumtus,
543 4058 577 4108 A.
589 4073 668 4119 marg.
729 4055 899 4118 vacarem]
917 4057 1060 4115 Excurans,
1070 4053 1104 4104 A.

244 4126 263 4159 ¹⁰
276 4130 442 4191 Clauserunt]
460 4128 642 4192 Clausit,A.
632 4143 669 4176 za-
730 4124 907 4188 llPropheta]
939 4126 986 4174 Ps.
1014 4125 1098 4175 lxxiii.
1125 4129 1159 4184 7

208 4201 289 4248 terlio.
695 4198 795 4245 lxxviii.
808 4200 832 4245 1.
