3014 5046
622 469 794 542 urisronn
818 495 948 542 cruore.
1196 482 1260 546 103

356 648 443 731 §95.
468 648 562 727 Quid
592 667 676 712 sane
699 650 799 713 vobis
828 650 899 727 fiet,
927 650 998 731 qui,
1028 658 1068 712 ut
1089 651 1258 732 propheta

304 748 406 824 dixit,
421 749 522 813 labiis
547 755 696 825 tantum,
711 756 747 812 et
771 770 841 813 non
861 750 974 826 corde,
989 749 1067 812 Deo
1092 750 1255 816 creditis?

305 846 464 925 Qualiter
477 857 594 913 autem
606 849 757 931 impletis
772 850 864 931 quod
886 850 1060 932 sequitur3
1086 850 1187 926 Ecce,
1202 852 1256 915 in-

304 949 439 1028 quiens,
462 968 528 1030 ego
550 949 651 1013 mitto
663 968 727 1013 vos
749 950 839 1013 sicut
857 969 940 1013 oves
962 951 999 1012 in
1020 948 1133 1013 medio
1155 950 1256 1032 lupo-

275 1067 392 1124 srum,
419 1049 479 1131 qui
504 1068 604 1112 versa
630 1050 717 1126 vice,
743 1056 783 1113 ut
808 1050 880 1130 lupi
902 1050 938 1111 in
963 1068 1104 1130 gregem
1126 1049 1254 1127 ovium,

302 1147 509 1229 prooeditis3
536 1149 593 1212 vel
619 1149 710 1231 quod
728 1149 789 1226 ait,
813 1149 935 1212 Estote
957 1149 1143 1230 prudentes
1165 1150 1255 1214 sicut

302 1255 492 1330 serpentes,
523 1255 559 1312 et
586 1249 758 1331 simplices
793 1249 883 1312 sicut
916 1248 1110 1313 columbael
1163 1247 1254 1312 Pru-

302 1346 423 1412 dentes
439 1347 577 1430 quidem
592 1350 675 1413 estis
687 1356 728 1413 ut
741 1349 891 1433 aliquem
906 1368 965 1412 ore
980 1347 1149 1412 exitiabili
1162 1369 1253 1412 mor-

301 1447 426 1525 deatis,
447 1468 519 1511 non
541 1454 581 1511 ut
598 1456 704 1530 caput
718 1456 884 1526 vestrum,
903 1449 995 1532 quod
1010 1456 1064 1513 est
1081 1448 1253 1527 Christus,

257 1539 289 1612 io
302 1546 442 1630 objectu
469 1547 721 1630 quodammodo
747 1549 899 1632 corporis
923 1547 1127 1625 defendatis,
1151 1568 1253 1629 quem

302 1648 386 1710 totis
421 1667 563 1730 operum
600 1649 770 1712 malorum
812 1649 993 1712 conatibus
1029 1648 1251 1713 conculcatis.

303 1745 380 1811 Neo
417 1749 508 1811 enim
543 1748 798 1831 simplicitatem
834 1748 1068 1811 columbarum
1106 1746 1252 1824 habetis,

302 1847 384 1928 quin
408 1848 524 1929 potius
547 1848 696 1912 corvino
713 1847 906 1911 assimulati
931 1845 1061 1928 nigrori
1083 1865 1125 1910 ac
1147 1846 1254 1910 semel

301 1946 450 2025 dearces,
463 1947 498 2011 id
521 1955 576 2012 est
589 1948 758 2025 Ecclesia,
773 1947 992 2023 evolitantes,
1006 1945 1157 2010 inventis
1176 1964 1252 2009 car·

257 2063 288 2110 la
302 2046 432 2110 nalium
455 2047 672 2129 voluptatum
696 2048 878 2112 foetoribus
904 2064 1074 2128 nusquam
1105 2046 1150 2109 ad
1176 2065 1252 2108 eam

302 2165 389 2226 puro
410 2147 512 2212 corde
534 2147 728 2212 revolastis.
781 2148 848 2212 Sed
868 2146 1046 2212 videamus
1064 2152 1100 2209 et
1117 2153 1252 2226 cetera3

303 2245 434 2325 Nolite,
449 2248 511 2324 ait,
527 2249 648 2312 timere
669 2267 730 2312 eos
751 2249 810 2331 qui
834 2248 996 2311 occidunt
1017 2265 1154 2328 corpus,
1178 2246 1253 2308 ani-

301 2365 392 2410 mam
422 2355 538 2411 autem
570 2367 640 2411 non
669 2354 815 2431 possunt
847 2347 1013 2422 occidere,
1043 2346 1104 2409 sed
1134 2346 1253 2409 timete

301 2465 391 2523 eum,
407 2448 467 2529 qui
488 2454 606 2530 potest
625 2453 662 2509 et
680 2447 831 2510 animam
850 2452 885 2510 et
905 2464 1029 2526 corpus
1052 2445 1194 2526 perdere
1216 2444 1252 2507 in

255 2562 287 2608 se
301 2543 517 2610 Gehennam.
570 2544 746 2622 Quidnam
775 2544 897 2608 horum
926 2544 1089 2620 feceritis,
1119 2543 1252 2623 recogi·

300 2652 384 2708 tate.
438 2644 550 2723 Quem
574 2664 657 2707 vero
672 2651 825 2708 vestrum
847 2662 996 2725 sequens
1017 2643 1252 2706 testimonium

300 2764 370 2808 non
392 2746 429 2808 in
451 2743 623 2827 profundo
640 2744 752 2808 cordis
768 2763 896 2807 arcano
910 2743 1080 2817 vulneret,
1095 2741 1187 2823 quod
1209 2741 1252 2804 de

300 2844 417 2926 pravis
442 2845 656 2909 antistitibus
680 2844 843 2908 Salvator
866 2844 911 2907 ad
936 2841 1114 2923 apostolos
1139 2840 1251 2922 loqui-

301 2947 383 3007 turl
435 2945 545 3009 Sinite
574 2944 664 3021 illos
694 2944 778 3008 caeci
810 2950 893 3006 sunt
922 2937 1027 3007 duces
1058 2959 1250 3020 caecorum3

254 3067 287 3110 re
300 3062 412 3108 caecus
435 3053 551 3110 autem
574 3046 604 3108 si
626 3064 719 3109 caeco
737 3043 901 3109 ducatum
923 3047 1078 3126 praestet,
1093 3041 1194 3104 ambo
1216 3039 1253 3102 iu

300 3142 435 3208 foveam
449 3146 585 3210 cadent.
637 3146 753 3226 Egent
768 3164 851 3207 sane
874 3143 1005 3225 populi,
1021 3141 1146 3222 quibus
1160 3159 1252 3222 prae·

299 3244 395 3320 estis,
410 3245 466 3308 vel
481 3246 596 3326 potius
610 3264 698 3327 quos
713 3244 908 3326 decepistis,
921 3242 1050 3304 audire.

351 3343 436 3425 §96.
460 3334 641 3406 Attendite
663 3344 768 3407 verba
791 3341 932 3406 Domini
951 3341 996 3404 ad
1019 3339 1195 3420 apostolos
1218 3345 1254 3402 et

299 3443 420 3506 turbas
433 3443 619 3523 loquentis,
634 3462 712 3524 quae
728 3448 764 3503 et
777 3459 853 3518 vos,
869 3446 909 3503 ut
922 3438 1037 3515 audio,
1052 3438 1089 3499 in
1104 3437 1253 3498 medium

254 3571 286 3616 30
299 3544 419 3606 crebro
448 3541 601 3624 proferre
627 3562 697 3605 non
730 3540 847 3621 pudet.
913 3537 1025 3620 Super
1054 3535 1253 3599 cathedram

300 3641 418 3725 Moysi
428 3643 592 3706 sederunt
603 3641 731 3704 Seribae
746 3648 781 3704 et
796 3639 977 3703 Pharisaei.
1030 3635 1157 3701 Omnia
1170 3653 1252 3714 ergo

300 3761 514 3825 quaecunque
524 3741 676 3806 dixerint
685 3741 785 3804 vobis
799 3745 937 3803 servate
946 3745 981 3802 et
994 3736 1115 3816 facite3
1131 3753 1253 3798 secun·

299 3841 379 3905 dum
411 3863 494 3907 vero
524 3861 629 3926 opera
659 3861 777 3905 eorum
806 3841 913 3904 nolite
942 3837 1067 3901 facere.
1121 3833 1254 3898 Dicunt

334 4050 429 4115 ‘Quin
448 4051 533 4110 Quod,
545 4050 577 4099 Β.
825 4040 997 4104 ”Lep-etilo]
1026 4037 1119 4086 Metth.
1138 4050 1180 4083 xv.
1205 4038 1249 4094 143

334 4117 491 4187 ³Impletis.]
515 4121 564 4176 V.‚·
583 4121 673 4168 om.B.
789 4114 863 4163 xxiii.
875 4114 957 4173 2,13;
973 4109 1043 4158 xxiv.
1056 4111 1097 4166 48,
1108 4109 1150 4167 49,
1161 4108 1207 4153 cte.

326 4190 481 4254 ³Sequitur.]
492 4190 584 4239 Matth.
593 4205 619 4238 x.
629 4192 762 4250 16,28‚etc.
825 4181 845 4211 ²⁶
858 4179 974 4240 Quibus]
993 4179 1055 4240 Qui,
1068 4176 1102 4224 B.

336 4259 355 4290 ¹⁴
366 4255 541 4327 Evelitentce]
555 4258 762 4320 Avolitantesss.
824 4250 845 4283 ²⁹
861 4250 930 4313 Vea]
949 4249 983 4298 Β.
997 4249 1043 4310 V.;
1060 4260 1116 4310 nos,
1129 4246 1162 4296 G.
