3014 5046
494 488 662 536 tuusvonn
689 490 818 536 cinon.
1086 473 1130 534 45

101 692 104 699 ·
178 645 337 727 augendo
352 647 474 728 priscis
491 669 583 713 nova
596 649 753 730 piaculis.
797 649 1016 731 Spernuntur
1029 667 1127 711 nam-

177 765 244 827 que
266 748 397 828 primae,
412 755 492 830 post
518 749 678 822 monachi
692 756 812 813 votum
835 749 981 825 irritum,
996 749 1127 812 illicitae

175 845 268 921 licet,
282 853 354 908 tam
376 848 525 930 propriae
543 849 703 932 conjugis
725 850 960 932 praesumtivae
983 850 1127 931 nuptiae,

177 945 236 1008 alii
249 946 315 1010 viri
329 947 491 1024 viventis,
507 968 577 1011 non
592 949 740 1025 externi,
755 948 815 1012 sed
831 947 947 1011 fratris
964 949 1026 1011 filii
1041 948 1124 1012 ada·
1182 978 1185 982 ·

148 1053 290 1124 amata3
315 1048 358 1110 ob
374 1066 452 1129 quae
467 1047 554 1111 dura
568 1049 686 1113 cervix
700 1048 762 1112 illa
776 1048 894 1112 multis
904 1048 979 1132 jam
1003 1068 1126 1130 pecca-

176 1147 307 1208 minum
333 1145 483 1210 fascibus
511 1156 666 1225 0nerata,
689 1149 771 1211 bino
794 1148 1004 1231 parricidiali
1027 1168 1126 1227 ausu,

176 1245 363 1310 occidendo
399 1248 646 1329 supradictum,
683 1267 895 1330 uxoremque
930 1256 1026 1312 tuam
1064 1250 1127 1312 ali-

176 1346 341 1427 quamdiu
356 1367 378 1411 a
392 1355 426 1410 te
440 1347 606 1425 habitam,
623 1349 719 1412 velut
732 1368 866 1412 summo
888 1349 1060 1430 sacrilegii
1076 1351 1128 1414 tui

176 1446 335 1524 culmine,
351 1447 393 1510 de
416 1448 494 1511 imis
514 1448 558 1511 ad
581 1448 744 1512 inferiora
763 1457 938 1513 curvatur.
991 1449 1127 1514 Dehinc

131 1559 163 1603 ro
176 1546 283 1623 illam,
296 1547 396 1631 cujus
410 1548 540 1611 dudum
560 1549 709 1612 colludio
725 1568 765 1611 ac
779 1550 1002 1631 suggestione
1017 1557 1126 1614 tantae

176 1653 258 1709 sunt
271 1654 491 1728 peccatorum
504 1650 630 1712 subitae
645 1648 766 1726 moleS,
781 1649 838 1733 (ut
852 1651 957 1713 etiam
979 1651 1126 1731 publicae

175 1744 317 1810 fallaces
331 1749 561 1829 parasitorum
584 1749 714 1830 linguae
734 1757 871 1812 tuorum
896 1750 1126 1827 conclamant,

175 1847 318 1909 summis
333 1855 450 1911 tamen
464 1848 577 1925 labiis,
598 1869 666 1912 non
683 1868 728 1912 ex
741 1849 863 1912 intimo
879 1845 1021 1932 cordis)
1039 1848 1126 1930 legi-

175 1947 272 2023 timo,
288 1955 408 2029 utpote
418 1947 607 2026 viduatam,
622 1949 734 2026 thoro,
749 1956 788 2012 ut
802 1956 930 2013 nostrae
942 1969 1036 2025 vero,
1052 1969 1126 2013 sce-

131 2055 162 2100 15
175 2046 382 2111 leratissimo
411 2048 588 2114 adscivisti
617 2050 800 2112 connubio.
875 2048 984 2134 Cujus
1020 2050 1127 2131 igitur

175 2148 287 2210 sancti
301 2149 435 2212 viscera
459 2148 522 2212 tali
545 2150 725 2213 stimulata
745 2150 891 2214 historia
913 2171 983 2213 non
1007 2152 1124 2215 statim

174 2247 211 2309 in
238 2247 340 2311 fletus
373 2249 614 2332 singultusque
642 2253 895 2332 prorumpantl
949 2249 1037 2328 Quis
1068 2271 1124 2315 sa-

174 2348 306 2425 cerdos,
327 2348 426 2432 cujus
450 2358 660 2414 correctum
681 2351 757 2414 Deo
781 2358 890 2433 patet,
913 2371 983 2414 non
1006 2353 1124 2416 statim

175 2447 250 2511 haec
265 2448 408 2511 audiens
419 2469 546 2530 magno
556 2470 634 2513 cum
643 2451 780 2513 ululatu
790 2450 876 2513 illud
886 2451 1125 2531 propheticum

129 2558 162 2603 2⁰
175 2548 279 2625 dicat,
290 2548 378 2627 Quis
393 2549 490 2612 dabit
506 2551 612 2631 capiti
625 2571 701 2613 meo
715 2569 854 2632 aquam,
868 2557 904 2614 et
919 2551 1028 2613 oculis
1041 2554 1125 2615 meis

174 2647 304 2712 fontem
331 2649 574 2712 lacrimaruml
598 2656 633 2713 et
655 2650 797 2731 plorabo
820 2650 856 2711 in
882 2648 937 2712 die
961 2657 996 2713 et
1022 2661 1124 2715 nocte

173 2749 373 2813 interfectos
388 2749 508 2831 populi
522 2750 600 2813 mei.
630 2749 724 2826 Heu,
741 2749 909 2831 siquidem
924 2769 1046 2831 parum
1063 2771 1125 2814 au-

174 2850 269 2912 ribus
284 2850 433 2931 captasti
453 2849 689 2932 propheticam
705 2850 981 2934 objurgationem
1000 2851 1050 2913 ita
1072 2851 1124 2913 di-

174 2957 320 3026 centem,
335 2949 401 3013 Vae
416 2951 528 3027 vobiS,
544 2951 609 3013 viri
624 2950 731 3032 impii,
746 2951 805 3031 qui
825 2950 1057 3033 dereliquistis
1073 2952 1123 3015 le-

129 3067 160 3112 ns
174 3069 252 3130 gem
269 3050 337 3113 Dei
353 3051 523 3126 altissimi,
539 3057 575 3114 et
599 3051 628 3113 si
652 3051 726 3114 nati
739 3050 886 3128 fueritis,
901 3052 937 3114 in
960 3052 1123 3115 maledic-

174 3150 267 3213 tione
291 3151 499 3230 nascemini;
523 3158 558 3214 et
580 3152 610 3215 si
636 3152 763 3214 mortui
789 3151 934 3228 fueritiS,
957 3152 994 3215 in
1016 3154 1123 3216 male-

174 3249 358 3314 dictionem
371 3253 436 3314 erit
450 3270 531 3332 pars
546 3258 675 3315 vestra.
727 3251 866 3328 Omnia,
881 3271 959 3333 quae
974 3254 1017 3315 de
1032 3260 1125 3318 terra

174 3358 267 3427 sunt,
281 3351 317 3413 in
332 3358 459 3414 terram
478 3351 590 3425 ibunt,
605 3351 655 3413 sic
677 3351 773 3430 impii
789 3371 811 3413 a
824 3351 1065 3416 maledictione
1087 3354 1124 3416 in

173 3450 679 3533 perditionem—subauditur,
701 3449 894 3525 ibunt,-si
917 3471 987 3513 non
1008 3471 1124 3515 rever-

129 3574 160 3620 so
174 3557 294 3613 tantur
324 3548 368 3612 ad
398 3549 598 3626 Dominum,
621 3548 788 3612 exaudita
815 3549 938 3613 saltem
968 3549 1123 3614 admoni-

174 3651 280 3726 tione,
302 3649 382 3726 Fili,
401 3650 577 3731 peccastil
601 3670 644 3712 ne
660 3650 804 3733 adjicias
824 3651 927 3727 ultra,
945 3650 1005 3713 sed
1023 3658 1059 3714 et
1080 3652 1123 3715 de

173 3751 328 3832 pristinis
351 3750 420 3813 tuis
444 3749 639 3830 deprecare,
663 3750 710 3814 Et
733 3751 869 3827 iterum,
893 3751 976 3816 Non
1005 3752 1122 3816 tardes

173 3852 328 3916 converti
353 3850 397 3914 ad
422 3851 621 3926 Dominum,
645 3871 757 3933 neque
781 3851 918 3915 differas
942 3852 985 3915 de
1009 3852 1063 3915 die
1087 3853 1124 3916 in

196 4111 228 4149 '¹⁴
241 4114 342 4186 Thura]
366 4120 412 4180 V.;
430 4135 475 4169 om.
489 4119 522 4168 Β.
699 4114 718 4146 ¹⁹
730 4112 925 4184 Prophetiam]
943 4118 998 4167 Jer.
1010 4118 1046 4167 ix.
1059 4122 1083 4167 1.

208 4187 227 4219 ¹⁴
243 4191 278 4238 Ut
288 4195 376 4239 nostra
387 4184 464 4257 vera]
482 4191 526 4251 J.;
542 4204 589 4238 om.
603 4189 636 4238 ΒΙ
698 4183 718 4217 ²³
730 4182 880 4254 Dicentem]
900 4188 971 4237 Eocl.
982 4189 1027 4237 xli.
1041 4192 1081 4238 ll.

178 4260 208 4308 V.
698 4255 717 4288 ³¹
731 4258 806 4320 Fili]
820 4258 890 4308 Eccl.
902 4259 956 4308 xxi.
969 4263 999 4320 13
1011 4275 1034 4308 v.
1048 4264 1072 4309 8.
