3014 5046
359 474 403 538 38
676 488 847 535 uvisvomr
870 485 1000 534 omnm.

360 648 468 731 pallia
501 648 724 730 attingerent.
777 647 825 710 Et
858 647 922 709 hoo
952 666 995 708 ne
1030 650 1109 726 post
1139 643 1314 706 laudanda

361 750 497 832 quidem
521 749 641 811 merita
661 748 752 829 egit;
781 766 862 809 nam
884 746 1002 809 multis
1017 752 1098 807 ante
1121 745 1222 807 annis
1240 763 1313 806 ore-

360 849 431 912 bris
454 848 702 930 alternatisque
724 846 905 910 foetoribus
928 844 1175 909 adulteriorum
1184 845 1315 928 victuS,

360 949 517 1030 legitima
538 967 648 1011 uxore
672 955 794 1011 contra
820 945 950 1010 Christi
973 944 1205 1026 Magistrique
1230 964 1314 1025 gen-

362 1050 448 1113 tium
468 1048 690 1111 interdictum
706 1045 862 1129 depulsa,
877 1046 1076 1121 dicentium,
1100 1043 1203 1122 Quod
1218 1044 1315 1107 Deus
1345 1062 1360 1105 ⁵

361 1148 557 1232 conjunxit,
572 1148 674 1212 homo
686 1167 756 1210 non
772 1153 921 1228 separet,
933 1153 979 1223 et,
994 1144 1084 1222 Viri,
1100 1144 1233 1226 diligite
1248 1165 1315 1207 ux·
1384 1168 1395 1186 =

361 1267 439 1312 ores
448 1254 595 1312 vestras
625 1246 889 1311 Amarissimum
905 1246 995 1309 enim
1011 1244 1183 1327 quoddam
1193 1244 1317 1309 devite

362 1347 588 1411 Sodomorum
604 1349 640 1410 in
656 1347 768 1410 cordis
788 1347 842 1409 sui
856 1346 1072 1410 infructuosa
1083 1347 1175 1408 bono
1194 1344 1317 1407 semini

363 1447 477 1528 gleba,
514 1447 731 1510 surculamen
761 1446 1012 1510 incredulitatis
1044 1451 1080 1508 et
1108 1445 1316 1526 insipientiae

362 1547 595 1629 plantaverat,
623 1547 713 1630 quod
736 1546 889 1628 vulgatis
912 1545 1178 1626 domesticisque
1195 1544 1316 1628 impie·
1331 1559 1363 1607 lo

364 1647 507 1723 tatibus
523 1648 619 1710 velut
641 1647 845 1728 quibusdam
868 1646 1048 1710 venenatis
1070 1645 1248 1722 imbribus,
1269 1646 1316 1706 ir·

364 1747 527 1828 rigatum,
550 1753 585 1809 et
610 1746 654 1810 ad
673 1747 741 1810 Dei
767 1745 932 1810 offensam
952 1746 1087 1810 avidius
1110 1766 1148 1808 se
1168 1746 1316 1827 erigenS,

363 1847 538 1928 parricidii
565 1847 805 1928 sacrilegiique
831 1848 959 1909 crimen
988 1846 1155 1927 produxit
1183 1846 1219 1908 in
1245 1865 1316 1908 me·

363 1947 469 2010 dium.
523 1946 590 2010 Sed
624 1966 688 2018 nec
720 1946 832 2009 adbuc
866 1947 1018 2029 priorum
1047 1946 1178 2010 retibus
1206 1945 1316 2010 malo-

365 2067 440 2108 rum
454 2047 650 2128 expeditus
666 2047 788 2128 priscis
802 2047 955 2110 recentia
970 2053 1075 2128 auget
1089 2046 1200 2109 malis.
1331 2056 1363 2103 ιε

416 2146 503 2229 529,
528 2143 627 2226 ‘Age
632 2146 731 2229 jam,'
741 2142 858 2231 (quasi
868 2153 1074 2228 praesentem
1084 2164 1205 2227 arguo,
1215 2165 1317 2227 quem

366 2244 477 2308 adhuc
489 2265 668 2327 superesse
684 2266 754 2309 non
769 2242 915 2329 nescio,)
929 2244 1045 2323 ‘Quid
1059 2253 1177 2328 stupes
1192 2246 1316 2309 animae

365 2345 521 2423 carnifex
535 2345 709 2427 propriae?
762 2345 855 2424 Quid
871 2346 933 2409 tibi
948 2345 1102 2409 flammas
1116 2346 1242 2410 inferni
1255 2367 1316 2411 vo-

365 2445 514 2508 luntarie
531 2447 690 2509 accendis
704 2465 923 2528 nequaquam
941 2446 1158 2510 defecturasi
1211 2445 1318 2524 Quid,

364 2545 579 2609 inimicorum
600 2547 687 2624 vice,
710 2548 859 2630 propriis
882 2555 916 2610 te
933 2546 1088 2610 confodis
1111 2553 1234 2629 sponte
1257 2566 1317 2610 en·
1331 2560 1364 2606 ao

365 2645 472 2723 sibuS,
497 2646 631 2710 hastisl
662 2666 752 2710 anne
779 2648 857 2730 ipsa
883 2647 1022 2729 quidem
1045 2645 1219 2711 virulenta
1244 2665 1318 2710 see·

364 2745 473 2808 lerum
505 2765 546 2810 ac
569 2746 598 2808 si
622 2747 748 2828 pocula
777 2755 897 2829 pectus
922 2755 1020 2810 tuum
1048 2748 1176 2811 satiare
1199 2747 1318 2829 quive·

364 2847 469 2909 runti
523 2845 685 2927 Respice,
714 2866 844 2928 quaeso,
876 2853 910 2910 et
945 2847 1026 2910 veni
1056 2846 1099 2909 ad
1131 2846 1319 2924 Christum,

365 2945 534 3026 siquidem
556 2946 705 3022 laboras
731 2953 767 3009 et
787 2947 954 3008 immenso
976 2945 1127 3027 pondere
1152 2947 1319 3024 curvariS,

365 3052 400 3106 et
429 3045 502 3125 ipse
525 3051 571 3120 te,
594 3052 635 3107 ut
656 3044 757 3121 dixit,
780 3045 993 3126 requiescere
1018 3044 1141 3122 faciet3
1171 3045 1252 3109 veni
1274 3047 1319 3109 ad
1332 3057 1364 3102 2⁵

365 3143 467 3219 Eum,
497 3143 556 3224 qui
583 3163 653 3206 non
682 3143 758 3208 vult
786 3145 978 3226 peccatoris
1004 3151 1161 3222 mortem,
1191 3145 1251 3208 sed
1279 3154 1320 3210 ut

364 3249 588 3307 convertatur
615 3251 650 3307 et
678 3244 793 3325 vivat3
824 3245 985 3322 dissolve,
1014 3245 1201 3308 secundum
1231 3244 1319 3310 Pro-

364 3342 515 3424 phetam,
538 3344 679 3407 vincula
701 3345 781 3408 colli
804 3346 867 3422 tui,
893 3345 942 3408 fili
965 3345 1080 3427 Syon3
1110 3346 1195 3423 redi,
1221 3366 1318 3428 rogo,

363 3463 382 3505 e
404 3442 605 3525 longinquis
631 3444 713 3508 licet
734 3453 954 3527 peccatorum
978 3446 1169 3509 recessibus
1199 3446 1242 3508 ad
1267 3442 1318 3527 pi'·

363 3541 520 3606 issimum
547 3552 694 3626 patrem,
724 3547 784 3627 qui
812 3547 1014 3628 despicienti
1040 3566 1222 3627 porcorum
1244 3565 1318 3609 sor·
1333 3562 1365 3607 ao

363 3643 461 3707 didos
491 3644 585 3707 cibos
616 3664 656 3707 ac
690 3647 947 3726 pertimescenti
975 3646 1059 3709 dirae
1091 3645 1193 3708 famis
1228 3665 1319 3708 mor-

400 3833 406 3862 ¹
424 3835 608 3898 Attagenae]
626 3837 766 3898 Texemnt,
782 3837 811 3886 V.
895 3835 914 3868 ¹³
931 3838 1069 3886 Parricidii
1086 3839 1255 3903 aucmbgiiqne
1272 3841 1321 3888 eri-

397 3903 407 3932 ⁵
425 3906 589 3970 Dicendum]
603 3906 698 3956 Matth.
722 3908 776 3956 xix.
799 3911 832 3967 ⁶3
858 3909 933 3971 mem]
950 3908 1320 3960 Seethesetermscommeuted

363 3977 635 4109 Ellhllvdtdrlssimum]
655 4047 824 4096 Amarissima
858 3993 927 4097 qun
949 3978 983 4040 by
1002 3979 1087 4039 eme,
1110 3980 1180 4030 Hm·
1203 3979 1278 4043 Engl.
1301 3982 1319 4031 i·

368 4116 408 4174 V.,
419 4117 512 4177 Usber,
524 4083 651 4166 Primoid.
664 4133 689 4178 p.
703 4123 759 4167 538.
825 4083 833 4111 ⁷
895 4084 914 4149 ¹⁸·
933 4118 1021 4180 Quid]
1040 4119 1121 4181 Quid,
1132 4133 1209 4181 saeve,
1225 4120 1255 4169 V.

363 4181 421 4302 mle
429 4185 506 4303 νὲίέἇ]
525 4187 589 4236 Ush.
609 4188 736 4238 Primord.
755 4188 832 4247 ibid.;
892 4184 912 4222 ²7
930 4188 1097 4252 Pmpbrtom]
1117 4190 1236 4239 Esai.lii.
1248 4196 1272 4240 2.

353 4299 356 4303 .
424 4287 431 4314 ‚
502 4290 508 4304 .
