3030 5070
334 729 699 812 HISTORIA
768 711 1034 818 eruum.

610 983 776 997 ῃ-
1224 935 1280 999 ‘a

258 1145 324 1230 §3.
348 1147 561 1210 Remurium
576 1145 691 1208 insula
712 1146 748 1209 in
767 1153 923 1210 extremo
945 1146 1051 1211 ferme
1067 1148 1160 1211 orbis
1173 1161 1282 1252 priapi
1309 1227 1314 1237 ι

207 1245 316 1310 limite
338 1246 478 1309 circium
503 1245 782 1327 occidentemque
805 1265 938 1324 versuS,
965 1246 1093 1326 divina,
1121 1256 1160 1312 ut
1188 1219 1265 1263 ‘mm
1286 1226 1314 1284 '¹'

206 1345 343 1422 dicitur,
359 1352 491 1409 statera
513 1351 615 1408 terrae
630 1347 738 1410 totius
757 1346 997 1429 ponderatrice
1010 1347 1136 1411 librata
1149 1369 1158 1427 ;

178 1446 250 1515 rab
279 1443 400 1509 Africo
429 1444 552 1508 boriali
581 1446 786 1528 propensius
815 1453 916 1510 tensa
947 1448 1017 1523 axi,
1048 1448 1157 1512 octin-
1194 1459 1214 1515 A

206 1551 389 1626 gentorum
411 1545 448 1608 in
470 1545 576 1626 longo
600 1546 757 1623 millium,
783 1547 1009 1610 ducentorum
1028 1545 1064 1608 in
1086 1547 1158 1611 lato
1179 1518 1202 1591 l·

206 1645 368 1727 spatium,
396 1644 551 1727 exceptis
574 1644 787 1709 diversorum
808 1646 1053 1728 prolixioribus
1076 1667 1157 1729 pro·
1179 1648 1200 1725 T'.

204 1746 453 1809 montoriorum
496 1745 685 1822 tractibus;
727 1764 806 1826 quae
847 1747 999 1809 arcuatis
1037 1747 1157 1810 oceani
1183 1736 1205 1823 [r

203 1843 335 1908 sinibus
364 1845 557 1924 ambuitur;
596 1845 696 1928 cujus
731 1844 917 1920 diffusiore,
950 1852 998 1923 et,
1030 1853 1071 1908 ut
1106 1847 1156 1910 ita
1194 1890 1200 1947 ἱ

159 1969 191 2014 1⁰
203 1943 327 2022 dicam,
355 1945 626 2009 intransmeabili
659 1945 811 2027 undique
848 1945 989 2021 circulo,
1024 1947 1155 2026 absque

202 2044 400 2108 meridianae
425 2043 513 2108 freto
535 2045 663 2127 plagae,
689 2064 758 2126 quo
784 2043 828 2106 ad
856 2043 1007 2108 Galliam
1035 2044 1152 2126 Belgi·
1192 2044 1207 2175 Ξ

201 2162 278 2207 cam
300 2145 498 2226 navigatur,
524 2144 667 2221 vallata,
694 2145 840 2208 duorum
867 2144 964 2207 ostiis
987 2145 1153 2207 nobilium
1189 2180 1201 2216 f

200 2242 381 2308 Themesis
404 2263 445 2308 ac
467 2243 624 2308 Sabrinae
647 2244 839 2321 fluminum,
862 2244 970 2308 veluti
991 2244 1152 2322 brachiis,
1187 2227 1192 2239 ’

199 2363 261 2425 per
282 2364 361 2426 quae
384 2344 495 2408 eidem
517 2344 599 2408 olim
624 2345 865 2408 transmarinae
891 2343 1022 2408 deliciae
1048 2345 1151 2408 vehe-

155 2470 186 2515 1⁵
200 2444 328 2508 bantur
351 2445 496 2520 ratibus,
519 2445 733 2526 aliorumque
757 2445 938 2521 minorum,
961 2443 1152 2522 meliorata,

200 2543 252 2609 bis
279 2544 377 2608 denis
399 2545 520 2625 bisque
542 2545 718 2626 quaternis
741 2543 852 2625 fulget
875 2544 1087 2620 civitatibus,
1110 2563 1151 2608 ac

198 2633 374 2708 nonnullis
395 2644 547 2708 castellis
566 2645 760 2719 decoratur,
785 2662 972 2718 murorum,
993 2643 1150 2721 turrium,

197 2751 407 2807 serratarum
429 2751 620 2827 portarum,
642 2745 900 2825 domorumque,
917 2761 1064 2823 quorum
1078 2744 1150 2806 cul-

449 2993 537 3041 Norrs
554 3007 606 3041 nun
623 2995 738 3042 Vrmous
756 2994 896 3043 Recursus.

232 3109 363 3174 mura]
381 3112 413 3160 In
435 3113 491 3161 MS.
514 3111 548 3161 A.
574 3114 596 3161 is
618 3113 660 3161 the
723 3110 742 3140 ¹⁵
753 3112 906 3174 Meliorem]
920 3113 1031 3176 Munita,
1047 3114 1093 3176 V.;
1110 3130 1149 3164 or-

196 3179 325 3243 following
331 3183 503 3244 introductcry
510 3188 584 3231 note:
596 3183 659 3231 ‘Lo-
685 3187 753 3244 nata,
764 3181 797 3231 A.
808 3185 883 3244 gloss.

196 3265 242 3300 cus
261 3253 288 3301 in
307 3267 358 3314 quo
376 3253 460 3302 sactus
478 3258 517 3300 est
534 3253 576 3301 hic
595 3254 660 3302 liber
722 3249 740 3279 ¹⁶
757 3253 870 3315 Fulget]
887 3253 940 3300 The
967 3259 1068 3313 present
1090 3270 1148 3316 pas-

196 3327 235 3370 est
250 3322 358 3384 Guales,
374 3324 458 3371 insula
475 3323 581 3385 marina,
597 3328 659 3372 tem·
684 3336 744 3383 sage
762 3322 898 3382 extending
915 3323 977 3370 from
995 3324 1047 3387 this
1059 3325 1110 3374 line
1121 3331 1147 3374 to

195 3406 255 3452 pore
266 3393 374 3441 Arthuri
390 3395 467 3456 regis,
483 3408 591 3454 persona
602 3394 659 3443 Gil-
684 3392 725 3440 the
746 3393 795 3440 end
812 3391 841 3440 of
859 3392 901 3440 the
924 3393 1019 3440 section
1041 3393 1097 3455 has,
1120 3397 1146 3443 in

195 3461 236 3510 dae
246 3463 392 3524 Sapientis!
683 3462 733 3510 this
745 3462 795 3509 and
809 3462 906 3509 several
922 3462 993 3508 other
1010 3463 1145 3526 metanoea,

230 3529 240 3558 ⁸
258 3533 408 3596 Proetidas]
426 3534 473 3582 Vel
482 3533 611 3594 ductibus,
622 3532 656 3582 A.
683 3532 745 3579 been
757 3531 879 3580 amended
892 3530 962 3590 byan
974 3535 1072 3579 extract
1081 3532 1144 3581 from

682 3602 690 3629 c
731 3603 736 3613 .
887 3601 892 3610 .
938 3600 953 3611 ..
1127 3605 1132 3614 .

192 3603 416 3735 Qniritium]
441 3673 596 3721 Ambiuntur
620 3679 656 3722 te·
682 3602 973 3720 casllillrllilulsiletnlelldirrlllr
984 3606 1145 3734 euirfflpg:

192 3755 264 3803 nens,
279 3743 309 3793 V.
681 3742 765 3790 which
785 3745 807 3791 is
829 3741 940 3790 inserted
958 3741 985 3788 in
1002 3741 1045 3805 the
1064 3743 1144 3792 ‘Vita

227 3809 238 3842 ⁰
254 3812 415 3877 Diffusiora]
433 3813 586 3873 Diffusione,
594 3813 654 3862 MS.
682 3812 781 3861 Gildae’
793 3812 893 3874 printed
904 3812 939 3871 by
947 3812 1081 3873 Mabillon,
1092 3813 1144 3861 Ac-

229 3878 246 3909 ¹¹
264 3883 415 3946 Belgicam]
433 3884 540 3944 Belgica
558 3884 654 3943 Prima,
682 3888 707 3929 ta
724 3884 768 3931 SS.
788 3883 851 3932 Ord.
876 3883 903 3931 S.
924 3881 1021 3930 Bened.
1044 3883 1062 3931 i.
1086 3887 1143 3945 130,

191 3951 217 3999 in
232 3968 285 4014 qua
300 3958 340 4002 est
361 3955 505 4015 metropolis
523 3954 654 4013 Treveris3
680 3952 742 4001 edit.
754 3954 843 4001 Venet.
856 3955 929 3999 1733.

191 4021 299 4085 Belgica
328 4024 454 4085 Secunda,
483 4025 509 4072 in
538 4039 589 4084 qua
616 4028 655 4071 est
716 4019 736 4051 ¹⁶
754 4020 923 4082 Civitatibus]
941 4020 988 4068 See
1004 4019 1046 4067 tbe
1063 4020 1106 4067 list
1117 4021 1146 4068 of

190 4094 311 4143 transitus
326 4095 360 4142 ad
375 4095 542 4156 Britanniam,
557 4096 583 4142 in
603 4108 654 4153 qua
680 4091 750 4139 these
772 4092 844 4140 cities
864 4090 890 4137 in
909 4089 1013 4138 Usber's
1032 4089 1142 4138 Primor-

189 4168 228 4210 est
244 4165 388 4226 metropolis
404 4166 493 4214 civitas
511 4165 654 4225 Remorum,
680 4163 732 4221 dia,
744 4178 769 4222 p.
782 4166 823 4222 59,
835 4160 895 4208 edit.
908 4159 987 4208 Dubl.
1000 4163 1073 4208 1639.

188 4233 222 4282 Α.
233 4248 313 4298 nrurg.
716 4230 734 4258 ¹⁸
753 4225 882 4297 Quorum]
900 4231 1025 4290 Quarum,
1043 4230 1140 4279 Marta
