3014 5046
360 487 404 549 44
676 505 847 553 srrsrocn
871 504 1000 551 ornum.

363 663 610 728 inardesceret!
664 663 695 725 0
712 664 830 746 qualia
843 669 1043 745 quantaque
1057 660 1207 724 animam
1218 666 1315 724 tuam

364 765 462 845 regni
493 763 623 827 Christi
648 765 792 845 praemia
816 764 852 826 in
882 763 936 826 die
961 761 984 825 J
987 762 1091 825 udicii
1121 769 1314 839 manerent,

364 864 394 927 si
417 884 487 927 non
501 865 605 946 lupus
625 863 770 927 callidus
792 863 850 926 ille
874 882 1003 944 agnum
1019 881 1064 925 ex
1083 862 1166 944 lupo
1183 861 1315 925 factum

365 971 400 1027 te
424 964 468 1026 ab
492 965 581 1028 ovile
609 963 792 1040 dominico,
816 983 886 1026 non
909 962 1130 1027 vehementer
1155 961 1315 1040 invitum,

364 1063 520 1127 facturus
556 1064 676 1145 lupum
718 1084 763 1127 ex
799 1081 891 1144 agno
928 1063 994 1125 sibi
1029 1062 1175 1125 similem
1210 1080 1314 1144 rapu·
1344 1078 1359 1122 ⁵

365 1164 468 1227 isset!
522 1163 552 1225 0
580 1171 747 1246 quantam
776 1163 1045 1226 exsultationem
1076 1162 1134 1243 pio
1162 1163 1316 1226 omnium

366 1263 458 1345 patri
484 1263 561 1326 Deo
585 1270 785 1327 sanctorum
809 1270 871 1327 tua
902 1262 997 1325 salus
1025 1261 1199 1326 servanda
1225 1280 1315 1343 prae-

365 1370 487 1440 staret,
502 1363 532 1425 si
555 1383 625 1426 non
648 1371 682 1426 te
698 1370 901 1426 cunctorum
915 1362 1127 1444 perditorum
1142 1360 1316 1425 infaustus
1333 1370 1338 1380 ’

366 1470 478 1544 pater,
513 1464 621 1527 veluti
649 1482 854 1544 magnarum
884 1462 1001 1544 aquila
1029 1462 1163 1525 alarum
1190 1462 1317 1543 ungui-

367 1582 493 1644 umque
507 1564 655 1640 daemon,
669 1563 713 1626 ad
726 1562 848 1626 infelix
863 1562 1012 1625 filiorum
1026 1581 1166 1624 suorum
1192 1573 1363 1643 agmento

368 1670 490 1726 contra
503 1663 563 1746 jus
578 1663 700 1746 fasque
722 1663 916 1745 rapuisset!
970 1661 1027 1724 Ne
1042 1661 1165 1739 multa,
1180 1668 1317 1725 tantum

368 1763 485 1844 gaudii
504 1783 545 1826 ac
568 1765 751 1828 suavitatis
779 1771 854 1826 tum
882 1762 972 1826 coelo
996 1768 1166 1844 terraeque
1190 1767 1251 1825 tua
1274 1762 1318 1825 ad

367 1865 492 1945 bonam
516 1863 650 1946 frugem
675 1864 866 1939 conversio,
887 1869 1055 1944 quantum
1075 1881 1167 1925 nunc
1190 1881 1318 1927 moero-

368 1964 415 2026 ris
431 1983 471 2026 ac
485 1964 599 2027 luctus
621 1964 832 2028 ministravit
847 1962 890 2025 ad
905 1962 1113 2039 horribilem,
1128 1982 1223 2025 more
1245 1982 1319 2025 mo-

368 2064 452 2127 lossi
473 2065 570 2143 aegri,
585 2065 752 2128 vomitum
776 2062 926 2126 nefanda
943 2063 1105 2126 reversio.
1146 2062 1226 2141 Qua
1241 2082 1319 2145 per·
1333 2072 1364 2117 16

369 2171 460 2240 acta,
482 2164 689 2227 exhibentur
721 2164 874 2225 membra
903 2182 1000 2225 arma
1021 2163 1215 2245 iniquitatis
1238 2182 1320 2245 pec-

369 2270 447 2326 cato
478 2282 519 2325 ac
548 2263 697 2340 diabolo,
723 2282 800 2344 quae
832 2269 1045 2344 oportuerat,
1075 2263 1173 2327 salvo
1202 2282 1320 2342 sensu,

369 2362 469 2426 avide
493 2363 647 2426 exhiberi
671 2382 767 2426 arma
784 2363 932 2446 justitiae
953 2364 1041 2427 Deo.
1094 2360 1241 2427 Arrecto
1257 2382 1320 2427 au-

370 2463 458 2525 rium
476 2463 717 2526 auscultantur
739 2470 856 2544 captu,
872 2483 942 2526 non
957 2463 1025 2526 Dei
1043 2463 1176 2540 laudeS,
1191 2482 1321 2526 canora
1413 2480 1416 2491 ·

372 2562 501 2626 Christi
523 2569 685 2645 tyronum
700 2582 785 2627 voce
807 2565 961 2627 suaviter
983 2564 1194 2640 modulante,
1209 2583 1321 2645 neque
1333 2579 1367 2624 20
1432 2550 1435 2557 ’

371 2663 613 2726 ecclesiasticae
638 2664 807 2740 melodiae,
833 2662 894 2726 sed
924 2665 1085 2746 propriae,
1115 2682 1193 2746 quae
1224 2663 1323 2727 nihili

371 2770 465 2840 sunt,
494 2763 732 2827 furciferorum
759 2763 895 2827 refertae
923 2763 1123 2840 mendaciis,
1152 2763 1322 2845 simulque

371 2865 547 2944 spumanti
575 2864 784 2945 phlegmate,
816 2863 994 2945 proximos
1024 2883 1182 2945 quosque
1211 2863 1322 2927 foeda-

371 2971 462 3039 turo,
488 2981 686 3044 praeconum
711 2981 782 3038 ore,
807 2963 876 3024 ritu
901 2961 1156 3040 bacchantium,
1182 2983 1324 3027 concre-

371 3069 477 3144 pante
488 3068 506 3139 3'
519 3062 570 3123 ita
591 3068 631 3124 ut
645 3079 720 3136 vaS,
736 3060 804 3123 Dei
823 3060 998 3142 quondam
1020 3062 1210 3125 ministerio
1232 3082 1323 3145 prae·
1335 3074 1368 3120 as

371 3167 543 3243 paratum,
567 3167 723 3224 vertatur
743 3160 780 3222 in
805 3159 931 3222 Zabuli
956 3180 1136 3242 organum,
1163 3160 1325 3243 quodque

372 3260 503 3324 honore
530 3260 665 3323 coelesti
690 3260 879 3342 putabatur
902 3259 1056 3342 dignum,
1071 3262 1193 3325 merito
1216 3263 1325 3346 proji-

368 3363 485 3425 ciatur
499 3361 536 3424 in
551 3361 690 3424 Tartari
704 3359 929 3424 barathrum'

425 3462 442 3545 ᾗ
464 3462 519 3526 35.
544 3460 643 3524 ‘Nec
660 3469 776 3525 tamen
796 3460 904 3523 tantis
919 3460 1087 3525 malorum
1111 3461 1325 3526 offendiculis

373 3569 455 3627 tuus
477 3563 659 3626 hebetatus
680 3561 890 3643 insipientiae
917 3561 1055 3626 cumulo
1080 3581 1214 3639 sensus,
1230 3563 1326 3627 velut
1338 3581 1371 3626 so

374 3661 523 3743 quodam
546 3663 643 3725 obice
658 3661 827 3737 tardatur,
844 3661 903 3724 sed
922 3660 1079 3726 fervidus
1103 3665 1176 3726 acsi
1197 3663 1325 3745 pullus,

374 3780 513 3823 amoena
535 3779 682 3843 quaeque
704 3761 939 3842 imperagrata
962 3769 1101 3842 putanS,
1122 3783 1184 3844 per
1203 3769 1326 3826 exten-

374 3879 431 3923 sos
448 3860 614 3922 scelerum
638 3880 779 3942 campos
794 3861 1010 3925 irrevocabili
1025 3861 1140 3925 furore
1155 3869 1326 3945 raptatur,

410 4116 497 4181 ⁴Aa]
520 4119 625 4178 V.;oro.
639 4119 672 4168 Β.
899 4115 1032 4186 ⁹Veluti.]
1056 4121 1100 4180 V.;
1117 4121 1167 4182 vel,
1179 4123 1213 4172 Β.

411 4185 420 4213 ⁴
447 4187 487 4234 Ab
520 4188 581 4236 ovile
614 4189 753 4254 doninica]
791 4191 838 4239 See
899 4185 919 4218 ²⁶
933 4185 1070 4256 Quodque]
1089 4191 1133 4250 V.;
1151 4207 1209 4255 quo,
1221 4194 1255 4244 B.

376 4256 481 4305 Usher’s
492 4258 618 4307 Primord.
631 4275 657 4319 p.
670 4264 726 4310 546.
898 4256 919 4288 ³⁰
931 4255 1045 4327 Senum]
1067 4262 1122 4310 Om.
1139 4261 1169 4311 V.
