3014 5046
348 459 396 523 60,
542 521 546 528 ,
664 475 835 522 musroun
858 475 988 522 omnm.

348 634 407 717 qui
438 633 569 715 seipsos
599 652 668 695 non
695 631 879 708 deflebant,
910 638 950 694 ut
972 638 1007 694 et
1029 649 1120 692 nunc
1146 629 1300 695 infelices

348 733 487 816 tyranni
512 739 632 813 agunt,
663 738 761 813 optat
788 731 853 793 sibi
882 731 1076 794 auctionem
1105 729 1249 792 fletuum
1279 751 1300 794 a

349 833 499 896 Domino
524 831 676 907 concedi,
701 830 766 893 hoc
792 830 894 893 modo
922 831 1051 905 dicens,
1078 829 1190 911 Super
1216 849 1299 894 con-

348 933 488 996 tritione
518 931 598 993 filiae
629 929 748 1012 populi
774 929 842 992 mei
865 930 1033 992 contritus
1058 948 1146 1005 sum,
1179 936 1301 1010 stupor

348 1032 498 1094 obtinuit
512 1050 577 1094 me.
630 1029 798 1111 Nunquid
816 1030 931 1092 resina
944 1049 1013 1092 non
1029 1029 1131 1091 estin
1150 1027 1299 1104 Galaad,
1329 1043 1344 1086 s

349 1138 410 1193 aut
434 1130 585 1193 medicus
605 1149 674 1192 non
695 1137 748 1192 est
767 1130 837 1191 ibil
890 1128 1008 1206 Quare
1033 1148 1115 1209 ergo
1143 1148 1213 1191 non
1238 1129 1304 1191 ob-

349 1230 454 1293 ducta
475 1237 529 1292 est
551 1229 696 1292 cicatrix
718 1229 798 1292 filiae
820 1228 938 1310 populi
957 1228 1048 1290 meil
1101 1227 1190 1305 Quis
1204 1227 1301 1292 dabit

349 1330 454 1410 capiti
480 1349 556 1391 meo
582 1347 719 1410 aquam,
743 1336 778 1392 et
801 1327 909 1390 oculis
935 1329 1020 1390 meis
1043 1326 1173 1390 fontem
1198 1327 1300 1390 lacri-

348 1448 493 1504 marum,
518 1436 553 1492 et
576 1428 719 1509 plorabo
744 1428 799 1491 die
822 1435 866 1491 et·
884 1435 985 1491 nocte
1013 1426 1211 1490 interfectos
1237 1447 1300 1509 po·

348 1529 421 1610 puli
444 1528 537 1592 mcii
590 1527 678 1605 Quis
696 1527 792 1590 dabit
814 1526 897 1589 mihi
920 1528 957 1590 in
978 1527 1164 1591 solitudine
1186 1527 1346 1590 diver-1⁰

348 1628 478 1690 sorium
491 1627 675 1703 viatorum,
694 1634 729 1689 et
743 1627 974 1707 derelinquam
994 1626 1159 1709 populum
1174 1646 1300 1703 meum,

349 1734 385 1789 et
393 1727 549 1790 recedam
565 1728 608 1789 ab
623 1727 684 1803 eis,
698 1727 780 1808 quia
794 1745 912 1789 omnes
924 1726 1071 1790 adulteri
1085 1731 1178 1801 sunt,
1188 1733 1301 1790 coetus

348 1827 676 1907 praevaricatorum?
723 1826 770 1889 Et
783 1825 1300 1906 extenderuntlinguamsuam,

349 1927 449 2006 quasi
464 1946 581 1990 arcum
596 1925 765 1988 mendacii
780 1933 815 1988 et
831 1945 901 1987 non
914 1926 1070 1989 veritatis
1083 1945 1091 2003 ;
1115 1925 1301 1989 confortati

349 2033 432 2088 sunt
458 2026 495 2087 in
526 2032 629 2102 terra,
654 2025 802 2106 quiade
825 2025 916 2088 malo
941 2024 985 2087 ad
1013 2025 1142 2087 malum
1171 2026 1345 2105 egressirc

348 2132 443 2200 sunt,
471 2132 507 2188 et
535 2145 590 2188 me
624 2144 694 2187 non
727 2130 976 2205 cognoverunt,
1004 2123 1088 2187 dicit
1116 2123 1299 2189 Dominus.

350 2223 397 2286 Et
425 2225 561 2300 iterum,
594 2224 641 2287 Et
665 2223 755 2286 dixit
776 2225 960 2300 DominuS,
993 2223 1086 2301 Quia
1108 2223 1299 2306 derelique-

349 2330 432 2385 runt
444 2323 556 2404 legem
572 2342 683 2386 meam
697 2342 801 2405 quam
815 2322 893 2385 dedi
906 2324 967 2399 eiS,
983 2330 1019 2386 et
1033 2318 1103 2387 non
1116 2323 1300 2387 audierunt

348 2441 468 2485 vocem
499 2441 621 2498 meam,
657 2429 693 2484 et
721 2441 790 2486 non
824 2422 1089 2487 ambulaverunt
1116 2423 1154 2486 in
1183 2442 1237 2500 ea,
1264 2429 1300 2487 et

348 2522 507 2585 abierunt
530 2527 610 2603 post
627 2521 835 2603 pravitatem
858 2523 970 2585 cordis
990 2523 1056 2599 sui,
1076 2522 1202 2586 idcirco
1225 2522 1345 2588 haecao

348 2620 431 2685 dicit
467 2620 638 2684 Dominus
669 2623 883 2685 exercituum
913 2623 1010 2684 Deus
1043 2621 1299 2700 Israe13Ecce,

348 2740 413 2802 ego
439 2721 560 2784 cibabo
584 2722 749 2802 populum
772 2721 877 2785 istum
903 2721 1100 2803 absynthio,
1124 2727 1159 2785 et
1180 2728 1300 2803 potum

348 2820 437 2882 dabo
452 2821 501 2882 eis
519 2839 644 2902 aquam
660 2819 760 2884 sellis.
794 2822 841 2883 Et
855 2827 935 2901 post
949 2838 1073 2901 pauca,
1089 2821 1301 2902 quodetiam

347 2920 499 2982 crebrius
522 2920 614 3000 stylo
636 2918 806 2999 propheta
828 2919 1000 3002 adjunxit,
1023 2919 1139 2982 dicens
1163 2940 1207 2982 ex
1222 2940 1300 3002 per·
1377 2996 1380 3001 ,

348 3036 435 3079 sona
457 3017 536 3092 Dei,
560 3017 616 3078 Tu
638 3035 721 3095 ergo
744 3016 815 3079 noli
829 3035 927 3078 orare
944 3036 1007 3097 pro
1022 3018 1151 3097 populo
1171 3018 1248 3096 hoc,
1265 3026 1345 3083 etas

348 3136 391 3178 ne
419 3133 575 3177 assumas
597 3133 661 3195 pro
690 3114 739 3176 eis
767 3115 904 3177 laudem
928 3121 963 3177 et
988 3116 1191 3193 orationem,
1218 3120 1302 3198 quia

348 3234 417 3278 non
439 3214 622 3276 exaudiam
636 3212 673 3275 in
686 3219 840 3296 tempore
855 3214 1014 3277 clamoris
1032 3233 1150 3277 eorum
1168 3216 1212 3278 ad
1234 3237 1300 3296 me,

349 3321 384 3377 et
398 3312 591 3377 afflictionis
607 3332 737 3376 eorum.

400 3412 485 3496 §aa
510 3413 604 3491 Quid
629 3432 711 3494 ergo
737 3432 828 3475 nunc
850 3413 993 3478 infausti
1017 3414 1121 3479 duces
1145 3415 1299 3480 facienti

349 3511 408 3575 Illi
422 3514 523 3593 pauci
537 3514 751 3577 invenientes
766 3514 858 3576 viam
877 3521 1073 3595 angustam,
1088 3521 1205 3578 amota
1219 3533 1299 3596 spa·
1312 3533 1352 3579 eo·

348 3612 452 3689 ciosa,
478 3613 641 3694 prohibiti
663 3632 685 3675 a
707 3613 784 3675 Deo
806 3632 849 3675 ne
871 3633 990 3695 preces
1012 3633 1075 3696 pro
1098 3615 1196 3678 vobis
1220 3613 1299 3677 fun·

348 3709 434 3772 dant
455 3712 755 3791 perseverantibus
780 3713 816 3774 in
843 3714 955 3790 malis,
984 3721 1020 3777 et
1043 3721 1222 3795 tantopere
1245 3714 1299 3776 in-

348 3808 546 3885 citantibuS,
572 3810 668 3891 queis
689 3831 708 3872 e
730 3813 904 3876 contrario
927 3833 972 3875 ex
994 3813 1095 3877 corde
1116 3813 1161 3876 ad
1186 3811 1299 3875 Deum

348 3908 603 3991 repedantibus
630 3910 715 4013 Deox
731 3910 870 3974 nolente
896 3913 1045 3975 animam
1071 3912 1218 3976 hominis
1245 3912 1301 3975 in-'

348 4009 462 4085 terire,
483 4010 543 4072 sed
565 4016 786 4086 retractante,
805 4030 848 4072 ne
868 4012 1005 4093 penitus
1023 4020 1144 4094 pereat
1160 4011 1220 4093 qui
1237 4013 1299 4075 ab·
1311 4032 1342 4078 aa

342 4106 458 4189 jectus
489 4117 552 4185 est,
582 4109 771 4172 vindictam
802 4129 871 4171 non
899 4112 1095 4191 potuissent
1125 4112 1299 4189 inducere,

347 4207 429 4287 quia
452 4228 514 4271 nec
538 4207 560 4271 J
564 4227 661 4285 onae,
684 4209 877 4290 etquidem
901 4229 978 4273 cum
1001 4211 1147 4275 multum
1172 4231 1298 4275 concu-
