3014 5046
588 481 672 528 vrra
696 481 824 529 saucrr
849 482 978 529 ornum.
1207 465 1256 527 xli

308 633 514 713 Glastoniae,
527 657 630 720 quam
645 638 812 720 diligebat
826 639 986 702 maxime.
1027 637 1164 704 Abbate
1178 659 1257 720 pro-

306 735 464 800 mittente
480 737 604 819 dignos
626 747 769 819 rogatus
784 740 924 822 explere
947 746 982 803 et
1001 745 1143 822 propter
1158 739 1256 802 audi-

306 840 361 897 tos
377 834 514 899 dolente
529 845 564 901 et
575 837 719 900 nimium
728 838 940 915 lacrimante,
954 838 1145 920 exspiravit
1156 857 1257 902 sanc-

306 934 459 998 tissimus
475 934 598 1000 Gildas
617 944 792 1017 aegrotans
806 938 907 1000 valde
928 938 1047 1000 multis
1061 938 1259 1001 videntibus

273 1035 523 1115 asplendorem
552 1036 745 1116 angelicum
774 1036 867 1100 circa
896 1057 1021 1119 corpus
1050 1037 1257 1100 odoriferum

306 1140 342 1195 et
375 1135 509 1215 angelis
545 1136 823 1200 consociantibus
857 1136 992 1199 animae.
1047 1136 1134 1200 Post
1165 1156 1257 1200 com-

306 1232 560 1298 mendationem
582 1234 825 1299 lacrimabilem
847 1236 1033 1317 expletam,
1057 1236 1209 1299 defertur
1236 1255 1257 1299 a

305 1333 536 1396 confratribus
559 1354 683 1416 corpus
706 1334 918 1399 levissimum
946 1335 989 1398 ad
1012 1336 1198 1412 abbatiam,
1221 1343 1256 1399 et
1351 1397 1354 1404 .

305 1451 382 1494 cum
407 1434 550 1515 planctu
574 1435 726 1498 maximo
752 1442 788 1498 et
817 1436 947 1499 honore
975 1435 1178 1516 dignissimo
1201 1454 1255 1498 se·

229 1548 231 1550 ·
257 1556 288 1600 ιο
304 1532 432 1614 pelitur
453 1534 490 1596 in
504 1533 616 1597 medio
632 1536 830 1616 pavimento
845 1533 998 1598 ecclesiae
1018 1535 1156 1600 Sanctae
1175 1535 1254 1606 Ma·¹

304 1631 385 1710 riae3
409 1633 508 1717 cujus
532 1633 647 1696 anima
665 1634 845 1716 requievit,
868 1641 904 1698 et
926 1636 1120 1717 requiescit,
1143 1642 1178 1697 et
1201 1654 1254 1696 re-

305 1730 469 1811 quiescet,
484 1733 520 1794 in
536 1733 671 1798 coelesti
685 1735 813 1814 requie.
868 1732 994 1797 Aura.

357 1932 439 2013 §14
453 1932 664 2014 Ynisgutrin
677 1931 856 1997 nominata
867 1931 934 1996 fuit
945 1931 1135 2013 antiquitus
1146 1929 1249 1994 Glas·

304 2030 403 2094 tonia
416 2039 451 2095 et
474 2033 585 2097 adhuc
608 2033 806 2097 nominatur
822 2052 843 2095 a
865 2031 1063 2111 Britannis;
1086 2031 1200 2113 ‘ynis'
1217 2031 1252 2092 in

257 2147 287 2191 ra
305 2131 508 2196 Britannico
539 2153 706 2210 sermone,
732 2132 885 2196 ‘insula'
914 2131 1059 2212 Latine;
1089 2131 1251 2212 ‘gutren'

303 2250 386 2294 vero
402 2232 557 2296 ‘vitrea'
591 2233 658 2296 Sed
673 2240 754 2315 post
768 2232 955 2297 adventum
967 2229 1254 2312 Angligenarum,

303 2337 338 2394 et
358 2332 513 2414 expulsis
528 2333 719 2409 Britannis,
739 2332 882 2410 scilicet,
897 2331 1132 2406 Walensibus,
1153 2351 1252 2394 revo-

302 2438 381 2494 cata
403 2438 456 2494 est
486 2431 722 2514 Glestingberi
744 2452 788 2494 ex
811 2432 930 2494 ordine
954 2431 1055 2512 primi
1080 2430 1252 2506 vocabuli,

300 2530 444 2607 scilicet,
472 2531 578 2613 ‘glas'
603 2529 751 2612 Anglice
775 2529 937 2594 ‘vitrum’
963 2529 1099 2605 Latine,
1123 2529 1251 2592 ‘beria'

255 2633 311 2696 ao‘
327 2628 474 2706 civitas:
488 2629 569 2693 inde
585 2628 807 2705 Glastiberia‚
820 2629 855 2692 id
870 2636 936 2704 est,
951 2627 1076 2691 Vitrea
1090 2627 1236 2691 Civitas.

336 2867 534 2940 ³Exapiravit.]
559 2873 657 2923 Quarto
678 2870 766 2920 kalen·
825 2866 976 2931 ⁹Sepelitur
993 2866 1160 2929 ...requie.]
1177 2866 1253 2927 Sepe-

302 2944 348 2993 das
360 2944 501 3005 Februarii,
513 2944 568 2992 add.
583 2944 674 3006 Capgr.
789 2939 851 2988 litur
866 2940 892 2986 in
911 2938 994 2987 medio
1007 2941 1114 2985 vetuatae
1134 2937 1251 2985 eccleaiae

337 3011 348 3040 ⁴
368 3013 533 3076 Vientina]
550 3013 603 3061 'l'he
616 3013 690 3062 MSS.
703 3012 765 3060 read
790 3010 942 3071 pavimento,
952 3008 1023 3057 Aa).
1042 3007 1255 3069 quingentessimo

302 3083 485 3133 ‘audientibus
497 3085 513 3144 ;’
530 3084 572 3132 the
588 3083 719 3132 alteration
742 3083 764 3131 ia
790 3079 949 3142 duodecimo,
962 3080 1054 3142 Capgr.

302 3153 444 3202 warranted
455 3155 489 3216 by
501 3153 655 3216 Capgrave's
666 3156 728 3202 text.

338 3221 358 3253 ¹²
375 3223 489 3288 Beuum]
501 3222 606 3273 Usher's
619 3223 775 3284 manuscript
785 3220 926 3268 concluded
936 3217 1000 3266 with
1011 3217 1062 3265 this
1073 3216 1185 3280 couplet,

454 3294 688 3342 ‘Lancarbanenais
698 3290 835 3340 dictamina
845 3293 905 3338 aunt
916 3288 1047 3348 Carataci3

466 3363 519 3414 Qui
529 3365 608 3424 legat,
618 3362 742 3424 emendet,
753 3361 837 3421 placet
847 3359 890 3405 ille
902 3355 1079 3418 compositori?

985 3423 1111 3473 Primord.
1123 3438 1148 3484 p.
1161 3427 1219 3471 442.

337 3503 395 3551 Pits
411 3503 474 3551 cites
492 3516 508 3550 a
525 3515 590 3562 copy
608 3499 693 3548 which
711 3497 763 3547 had
782 3498 824 3545 the
840 3493 969 3553 following
985 3492 1077 3542 distich
1094 3497 1120 3541 at
1138 3492 1181 3540 the
1198 3506 1256 3539 con·

301 3573 408 3636 ⁰1u⁸¹⁰n’
454 3639 593 3689 <Historiae
604 3638 696 3687 veteris
708 3636 800 3688 Gildaa
810 3637 955 3686 luculentus
967 3635 1052 3681 arator

465 3711 532 3760 Haec
543 3710 638 3771 retulit,
649 3724 727 3769 parvo
733 3708 843 3757 carmine
852 3709 927 3770 plura
937 3702 1044 3753 notans.’

337 3780 357 3813 ¹³
378 3781 548 3844 Yaisgutria]
567 3780 621 3828 The
637 3779 720 3826 whole
742 3777 771 3826 of
789 3779 840 3828 thia
862 3777 958 3828 section
979 3775 1011 3837 is,
1033 3770 1193 3834 apparently,
1220 3783 1252 3816 no

301 3857 358 3915 part
368 3853 397 3902 of
405 3852 448 3901 the
460 3851 566 3913 original
579 3848 690 3911 Legend.
