3014 5046
363 448 476 511 xxxvi
643 461 728 508 vrrs
751 459 880 507 snucrr
904 460 1033 506 cruos.

203 645 222 684 s
237 641 353 683 monera
367 640 471 705 quam
499 638 678 702 possessor
706 620 854 684 vendere
888 619 1039 683 nolebat.
1092 616 1224 681 Audito
1254 615 1316 679 ad*

204 698 226 735 to
234 695 321 734 Arthur.

367 714 474 787 ventu
499 719 613 783 Gildae
636 720 802 801 sapientis
824 721 868 782 ab
894 717 1050 783 Arthuro
1075 738 1156 799 rege
1182 723 1217 779 et
1246 717 1316 798 pri·

366 820 516 884 matibus
539 819 646 882 totius
669 818 862 882 Britanniae
880 818 1050 901 episcopis
1066 825 1101 881 et
1123 816 1318 893 abbatibus

366 925 603 984 convenerunt
625 917 891 982 innumerabiles
921 936 966 981 ex
995 919 1087 982 clero
1115 923 1150 981 et
1177 915 1319 998 populo,

368 1027 408 1083 ut
423 1017 593 1082 Arturum
607 1017 829 1100 pacificarent
843 1038 888 1081 ex
910 1017 1109 1101 supradicto
1123 1016 1319 1079 homicidio.
1348 1031 1363 1076 o

368 1117 420 1182 At
432 1118 502 1195 ille,
525 1117 615 1180 sicut
629 1117 788 1199 primitus
810 1117 950 1194 fecerat,
970 1117 1109 1199 cognito
1125 1135 1261 1178 rumore
1276 1115 1319 1179 de

369 1218 465 1281 obitu
487 1216 617 1293 fratris,
639 1216 783 1280 indulsit
803 1217 954 1294 inimico,
969 1218 1106 1281 veniam
1128 1214 1320 1298 postulanti

369 1317 525 1380 osculum
548 1315 655 1392 dedit,
678 1323 713 1380 ct
734 1316 981 1396 benignissimo
1004 1317 1119 1379 animo
1143 1313 1321 1378 benedixit

371 1416 575 1479 osculatum.
629 1414 710 1478 Hoc
737 1421 890 1497 peracto,
912 1435 975 1478 rex
1000 1414 1177 1479 Arthurus
1201 1413 1321 1477 dolens

371 1523 407 1578 et
420 1515 604 1578 lacrimans
620 1515 754 1596 accepit
769 1516 812 1578 ab
828 1515 998 1597 episcopis
1013 1514 1231 1579 adstantibus
1244 1532 1320 1595 poe·
1334 1525 1368 1572 lo

373 1615 565 1691 nitentiam,
582 1620 616 1677 et
630 1613 825 1678 emendavit
838 1615 875 1676 in
889 1621 1057 1696 quantum
1072 1615 1198 1696 potuit,
1213 1613 1322 1676 donoc

373 1713 626 1778 consummavit
638 1715 758 1778 vitam.

211 1823 347 1871 uurournes
425 1815 490 1897 §7.
515 1814 616 1877 Unde
639 1815 799 1896 egregius
815 1813 938 1879 Gildas
961 1815 1015 1878 vir
1028 1814 1192 1897 pacificus
1214 1819 1250 1877 ct
1264 1831 1322 1876 ca·

210 1877 232 1912 to
242 1873 316 1912 Rome.

373 1913 521 1977 tholicus
545 1913 654 1977 adivit
683 1914 843 1992 Romam,
872 1922 907 1978 et
936 1915 1127 1996 apostolico
1152 1914 1323 1977 Romanae

374 2013 527 2077 ecclesiae
546 2013 667 2077 tribuit
680 2014 882 2095 praedictam
903 2032 1118 2095 campanam,
1134 2031 1212 2092 quac
1230 2028 1368 2076 com-1⁵

373 2119 468 2174 mota
490 2131 512 2175 a
533 2112 692 2174 manibus
707 2111 888 2193 apostolici
904 2111 1036 2174 nullum
1047 2111 1202 2175 sonitum
1224 2111 1324 2173 emit-

374 2212 481 2275 tebat.
535 2209 636 2272 Unde
659 2210 724 2274 hoc
745 2211 803 2274 ille
826 2210 946 2274 videns
964 2211 1050 2275 talia
1069 2210 1216 2274 dicebat.
1268 2208 1323 2272 ‘0

375 2310 429 2373 vir
450 2309 574 2372 dilecte
589 2328 611 2371 a
626 2309 703 2373 Deo
718 2316 753 2373 ot
773 2310 817 2372 ab
833 2309 982 2387 hom-ine,
1004 2311 1120 2374 revela
1134 2310 1218 2372 mihi
1232 2309 1325 2391 quod

376 2409 439 2472 tibi
467 2407 613 2489 contigit
645 2409 682 2470 in
711 2409 833 2473 itinere
866 2408 909 2472 de
938 2408 1003 2472 hac
1033 2408 1325 2492 praesentatione)

376 2506 427 2572 At
454 2507 512 2571 ille
542 2508 708 2572 revelavit
737 2509 992 2572 sanctissimum
1020 2507 1195 2574 Cadocum
1227 2508 1370 2573 Nan-20

377 2608 597 2671 carbonensis
610 2609 764 2672 ecclesiae
777 2610 935 2672 abbatem
948 2629 1024 2673 eam
1039 2610 1190 2674 voluisse
1203 2628 1326 2685 emere,

346 2774 361 2805 ¹¹
378 2707 438 2770 sed
458 2726 563 2789 quam
581 2715 725 2772 voverat
745 2708 780 2772 S.
798 2709 905 2773 Petro
928 2708 1099 2792 Apostolo
1119 2709 1240 2772 offerre
1264 2727 1325 2770 no·

378 2806 471 2869 lebat
499 2807 665 2870 vendere:
712 2806 948 2889 Apostolicus,
973 2809 1028 2871 his
1057 2808 1196 2884 auditis,
1225 2807 1327 2883 dixit,

379 2911 388 2938 ‘
408 2905 526 2967 Nosco
542 2903 717 2969 Cadocum
730 2906 960 2970 venerabilem
977 2908 1149 2982 abbatem,
1172 2907 1231 2988 qui
1248 2926 1326 2988 sep-

379 3003 443 3067 ties
466 3003 575 3067 adivit
596 3004 770 3068 civitatem
785 3005 900 3081 istam,
923 3012 958 3068 et
980 3012 1034 3068 ter
1049 3004 1327 3087 Hierosolymam
1339 3027 1372 3072 25

415 3158 534 3210 ¹Audito
632 3162 729 3224 vitam]
758 3161 842 3210 Usher
867 3166 926 3222 tum,
941 3167 966 3211 et
988 3167 1026 3211 ter
1043 3163 1256 3227 Hierosolymam]
1274 3164 1328 3214 'l'he

378 3236 468 3295 quotes
479 3232 530 3280 this
541 3245 659 3294 passage,
669 3246 695 3292 p.
707 3234 765 3280 678.
867 3231 971 3294 Legend
981 3232 1011 3281 os
1019 3233 1104 3281 Cadoc
1112 3233 1187 3282 inthe
1194 3233 1327 3283 Cottonian

414 3299 590 3364 ⁹Osculutum.]
599 3300 742 3362 Osculanti,
754 3300 841 3350 Uaher.
867 3301 924 3351 Ms.
937 3302 1030 3367 (Titus,
1046 3303 1081 3351 D.
1100 3301 1228 3356 xxn.,sol.
1245 3308 1277 3353 92
1288 3302 1326 3367 b.)

415 3368 436 3401 ¹⁴
451 3371 611 3434 Apostolum]
631 3371 712 3431 Papae
730 3371 843 3419 Alexan-
866 3372 1010 3421 introduces
1022 3373 1065 3420 the
1077 3372 1148 3420 Saint
1159 3371 1219 3421 thus
1235 3374 1327 3434 speak-

380 3440 435 3503 dro,
459 3443 562 3504 Cupgr„
585 3440 643 3489 who
665 3441 716 3490 had
738 3440 842 3489 derived
866 3441 947 3502 ingto
963 3442 1004 3490 his
1014 3442 1144 3502 disciples.
1179 3442 1326 3493 ‘Quoniam

379 3510 430 3559 this
441 3510 599 3560 information
610 3510 673 3559 from
685 3511 727 3558 the
739 3510 842 3572 Legend
867 3512 969 3572 quidem
981 3511 1066 3560 divino
1076 3515 1141 3559 nutu
1151 3515 1190 3559 ter
1203 3512 1327 3562 Hierusa-

379 3581 505 3631 ofCadoc.
514 3580 841 3641 MS.Cott.Titus,D.xx11.
866 3582 915 3629 lem
932 3582 1077 3645 septiesque
1093 3581 1199 3629 Romam
1214 3597 1260 3643 pro
1275 3583 1326 3631 Dei

380 3650 424 3698 fol,
452 3655 484 3699 95
512 3651 538 3698 b.
574 3650 645 3712 This,
672 3650 797 3704 however,
820 3650 842 3697 is
867 3644 1100 3768 amorefflvffitus
1122 3664 1188 3712 sum,
1212 3655 1328 3712 superest

380 3733 397 3766 a
420 3732 491 3778 gross
518 3718 703 3780 chronological
726 3719 843 3778 blunder,
867 3733 944 3781 nunc,
965 3734 999 3781 qu
1040 3722 1095 3783 'us,
1116 3719 1204 3769 orandi
1228 3721 1328 3782 gratiaf

380 3786 528 3835 Alexander
538 3786 580 3835 the
593 3788 660 3836 First
676 3787 770 3848 having
783 3787 843 3835 died
867 3792 913 3837 etc.

312 3858 320 3869 ⁸
380 3855 451 3905 Α.Ι).
476 3859 533 3918 119,
555 3857 606 3904 and
633 3856 779 3904 Alexander
800 3855 843 3904 the
902 3853 1327 3922 ”HierosolymomJPilgrimages

381 3926 479 3974 Second
495 3930 538 3974 not
554 3927 691 3987 ascending
707 3926 749 3974 the
766 3927 843 3987 papal
868 3930 894 3974 to
905 3927 947 3975 the
959 3927 1029 3988 Holy
1038 3928 1110 3976 Laud
1121 3943 1188 3977 vvere
1199 3929 1328 3990 prevalent

381 3994 468 4043 throne
480 3996 545 4044 until
557 3999 629 4045 1⁰61.
868 3995 928 4057 long
942 3997 1026 4047 before
1037 3999 1080 4047 the
1094 3999 1154 4047 time
1169 3998 1199 4046 os
1209 3997 1252 4045 the
1264 3998 1328 4047 Cru-

416 4060 437 4096 ²⁰
455 4065 687 4129 Nuncurbunensis]
700 4065 844 4113 Narcarba·
868 4066 953 4127 sades,
972 4082 1001 4116 as
1016 4068 1039 4116 is
1055 4068 1143 4117 shown
1158 4068 1192 4128 by
1208 4065 1328 4128 Augusti,

382 4133 477 4194 nensis,
488 4131 521 4182 A.
870 4134 1015 4186 Handbuch
1042 4138 1088 4186 der
1114 4136 1258 4187 Christlich.
1281 4137 1330 4185 Ar·

418 4198 438 4231 ²⁴
455 4202 551 4264 Septies
572 4202 650 4251 adicit
666 4202 793 4252 civitatem
811 4203 844 4252 is·
869 4205 950 4254 cb'aol.
962 4207 999 4256 111.
1013 4211 1070 4269 377,
1080 4206 1141 4256 edit.
1155 4209 1227 4256 1837.
