3014 5046
376 461 420 525 92
694 477 866 525 nursronn
889 476 1019 525 omnm.

377 635 468 699 enim
493 635 558 712 his,
574 635 634 717 qui
659 655 714 698 me
739 634 993 718 blasphemant,
1018 632 1155 698 locutus
1178 639 1232 697 est
1256 635 1330 698 Do-

378 737 503 812 minus,
519 735 599 798 Pax
621 736 687 799 erit
700 736 810 813 vobis,
831 744 865 798 et
884 736 1055 813 omnibus,
1070 733 1130 817 qui
1151 734 1332 798 ambulant

377 837 414 899 in
428 836 601 918 pravitate
614 835 727 899 cordis
742 836 808 912 sui,
819 835 994 912 dixerunt,
1007 834 1090 899 Non
1101 835 1218 898 veniet
1227 853 1332 916 super

379 955 438 1000 eos
452 935 591 1000 malum.
645 935 733 1014 Quis
748 935 839 999 enim
854 935 953 998 affuit
965 935 1002 998 in
1016 933 1160 998 consilio
1176 933 1331 1011 Domini,

379 1043 414 1100 et
430 1035 517 1100 vidit
539 1043 574 1100 et
596 1035 730 1099 audivit
742 1055 934 1099 sermonem
950 1034 1052 1119 ejusl
1105 1032 1194 1111 Quis
1216 1035 1330 1098 consi-
1358 1057 1374 1101 s

378 1136 514 1200 deravit
526 1138 668 1199 verbum
682 1136 774 1199 illius
798 1143 833 1200 et
855 1135 1011 1199 audivitl
1036 1134 1138 1211 Ecce,
1152 1135 1255 1199 turbo
1268 1134 1331 1199 do·

379 1235 514 1298 minicae
555 1235 805 1316 indignationis
847 1235 1033 1317 egreditur,
1049 1307 1054 1313 ,
1071 1241 1106 1298 et
1142 1241 1330 1317 tempestas

325 1382 329 1389 .
379 1353 562 1416 erumpens
584 1355 687 1416 super
709 1343 815 1418 caput
835 1335 1015 1418 impiorum
1032 1334 1160 1411 veniet,
1183 1353 1254 1397 non
1276 1354 1331 1398 re·

378 1442 533 1499 vertetur
547 1433 642 1498 furor
658 1435 800 1499 Domini
815 1454 924 1517 usque
939 1435 1020 1498 dum
1035 1434 1153 1511 iaciat,
1168 1441 1204 1498 et
1220 1453 1331 1517 usque

379 1535 460 1597 dum
476 1534 648 1617 compleat
657 1536 903 1616 cogitationem
918 1535 1031 1599 cordis
1046 1533 1112 1598 sui.
1153 1533 1198 1597 In
1213 1535 1331 1599 novis-
1344 1553 1378 1599 ro

380 1634 475 1697 simis
490 1635 610 1698 diebus
623 1635 825 1717 intelligetis
840 1635 1020 1699 consilium
1034 1633 1121 1718 ejus,

431 1735 449 1818 §
464 1733 518 1798 83.
543 1734 673 1798 Parum
690 1754 838 1818 namque
852 1735 1014 1817 cogitatis
1025 1734 1081 1798 vel
1096 1732 1222 1810 facitis,
1237 1733 1331 1815 quod

379 1843 521 1898 sanctus
545 1855 682 1918 quoque
705 1835 728 1899 J
731 1836 786 1899 oel
808 1854 951 1900 monens
971 1836 1099 1898 inertes
1120 1824 1331 1911 sacerdotes,

380 1954 421 1997 ac
444 1935 574 1999 dellens
597 1934 838 1999 detrimentum
861 1935 980 2018 populi
1002 1955 1066 2017 pro
1089 1933 1332 2017 iniquitatibus

380 2055 510 2112 eorum,
536 2035 646 2099 edixit
657 2056 671 2104 τ,
698 2035 987 2118 Expergiscimini
1009 2035 1069 2117 qui
1096 2034 1179 2098 estis
1203 2032 1288 2097 ebrii
1310 2050 1376 2098 ars

379 2135 461 2198 vino
476 2143 604 2212 vestro,
620 2142 654 2198 et
668 2134 801 2218 plorate
824 2142 860 2198 et
880 2133 1117 2198 lamentamini
1139 2133 1333 2216 omnesqui

379 2234 495 2297 bibitis
511 2235 631 2296 vinum
650 2235 686 2296 in
709 2235 922 2312 ebrietatem,
936 2235 1019 2316 quia
1043 2233 1161 2298 ablata
1182 2239 1265 2297 sunt
1287 2233 1332 2297 ab

379 2353 439 2396 ore
452 2341 569 2397 vestro
579 2333 782 2418 jucunditas
798 2341 833 2397 et
846 2335 1022 2415 gaudium.
1068 2333 1203 2416 Lugete
1217 2352 1331 2397 sacer-

380 2433 490 2510 doteS,
507 2435 567 2515 qui
580 2434 760 2498 deservitis
783 2435 898 2511 altari,
912 2435 994 2517 quia
1013 2435 1128 2497 miseri
1143 2433 1227 2498 facti
1248 2439 1331 2497 sunt

378 2532 503 2616 campi.
555 2533 693 2616 Lugeat
717 2541 822 2612 terra,
836 2535 918 2616 quia
941 2535 1103 2598 miserum
1126 2533 1256 2597 iactum
1278 2540 1378 2598 estro

379 2633 600 2713 frumentum,
630 2646 665 2699 et
693 2635 859 2699 siccatum
885 2641 938 2698 est
966 2636 1096 2711 vinum,
1125 2633 1333 2697 diminutum

379 2742 433 2799 est
461 2733 587 2812 oleum,
616 2743 782 2799 aruerunt
808 2735 982 2817 agricolae.
1037 2734 1171 2816 Lugete
1194 2751 1332 2817 posses-

378 2834 493 2898 siones
515 2855 579 2917 pro
602 2836 718 2899 tritico
734 2843 769 2898 et
784 2835 924 2911 hordeo,
940 2835 1022 2917 quia
1043 2835 1146 2917 periit
1159 2833 1334 2899 vindemia
1429 2852 1432 2857 ·

378 2954 424 2996 ex
439 2952 536 3015 agro,
550 2936 631 2998 vitis
657 2934 810 2998 arefacta
833 2941 899 3011 est,
914 2934 999 2996 ficus
1024 2933 1202 2998 diminutae
1226 2941 1331 2998 sunt:

379 3041 539 3114 granata,
554 3041 590 3096 et
604 3033 732 3115 palma,
746 3041 781 3096 et
794 3033 934 3111 malum,
943 3040 986 3096 'et
998 3033 1113 3096 omnia
1135 3033 1232 3114 ligna
1256 3033 1378 3123 agri-2⁵

379 3130 533 3195 arelacta
551 3139 644 3209 sunt,
660 3133 823 3214 quoniam
845 3132 1076 3197 confuderunt
1091 3132 1256 3212 gaudium
1271 3132 1334 3197 filii

378 3339 481 3395 erunt
503 3333 615 3410 vobiS,
645 3353 688 3396 ne
717 3341 789 3396 tam
819 3332 996 3415 pestilenti
1027 3332 1116 3396 same
1140 3334 1237 3397 verbi
1264 3333 1333 3397 Dei

378 3433 504 3496 animae
518 3441 644 3497 vestrae
667 3440 874 3498 arescerent.
928 3433 975 3497 Et
996 3433 1132 3509 iterum,
1155 3433 1253 3497 Flete
1276 3452 1333 3496 sa-

378 3534 548 3611 cerdoteS,
572 3534 631 3616 qui
653 3523 834 3598 deservitis
851 3534 1013 3610 Domino,
1029 3533 1194 3611 dicentes,
1210 3533 1334 3610 Parce,
1347 3553 1380 3600 so

379 3634 541 3709 Domine,
557 3634 686 3715 populo
709 3641 782 3709 tuo,
799 3640 834 3697 et
849 3654 892 3696 ne
907 3633 968 3696 des
990 3632 1218 3697 hereditatem
1237 3641 1334 3697 tuam

379 3732 416 3793 in
433 3733 667 3814 opprobrium,
690 3740 725 3795 et
748 3752 792 3794 ne
818 3732 1037 3796 dominentur
1060 3753 1178 3796 eorum
1200 3740 1334 3815 gentes,

379 3832 430 3895 uti
453 3851 496 3894 ne
519 3830 637 3895 dicant
652 3839 788 3913 genteS,
810 3832 870 3895 ubi
892 3840 946 3897 est
964 3834 1062 3897 Deus
1084 3853 1214 3896 eorum.
1266 3832 1335 3896 Sed

282 3975 288 3986 .
379 3931 455 3995 baec
470 3952 533 3996 vos
560 3951 779 4015 nequaquam
806 3931 946 4010 auditis,
969 3933 1029 3996 sed
1055 3934 1182 4011 omnia,
1210 3933 1335 4014 quibus

379 4033 592 4115 propensius
610 4033 718 4097 divini
748 4032 874 4096 furoris
904 4033 1098 4114 indignatio
1127 4033 1335 4111 inardescat,
1349 4052 1380 4098 ss

379 4132 575 4197 admittitis,

416 4326 435 4356 ¹³
445 4330 559 4392 Edicit]
577 4331 645 4392 Joel,
656 4331 673 4380 i.
686 4336 711 4395 5,
722 4335 748 4392 9,
760 4335 800 4380 1⁰.
868 4328 874 4399 Ι
899 4329 1019 4395 ”Lagea
1028 4369 1034 4382 .
1044 4369 1050 4384 .
1061 4332 1233 4396 ‚urescereatJ
1244 4333 1299 4383 Om.
1306 4333 1336 4382 V.
