3014 5046
367 450 504 514 xxxviii
645 464 730 511 vrrs
754 463 883 511 snucrr
908 461 1039 508 eruum.

367 623 469 702 dum;
497 602 561 687 nec
584 623 789 686 confirmant
810 640 932 702 pacem
959 623 994 682 et
1018 617 1205 682 amicitiam
1230 618 1323 683 inter

366 723 535 800 inimicos,
550 723 616 785 nisi
630 722 716 785 illud
729 721 866 786 affirerit
881 721 918 782 in
932 719 1051 802 primis
1066 718 1275 800 appositum.

202 836 341 927 trpiresppm
419 823 484 906 §9.
509 823 626 886 Finito
662 821 745 884 anni
782 819 908 902 spatio,
946 825 981 882 et
1014 817 1229 881 scholaribus
1264 838 1319 882 re-

228 898 291 927 ”⁰¹
321 915 327 935 '
367 922 567 986 cedentibus
593 941 615 984 a
641 921 769 998 studio,
796 927 939 983 sanctus
968 919 1076 982 abbas
1100 917 1259 982 Cadocus
1284 924 1321 983 et

367 1018 491 1085 Gildas
520 1022 642 1086 doctor
668 1020 819 1103 optimus
849 1017 1023 1084 communi
1051 1017 1195 1081 consilio
1224 1017 1319 1081 adie-
1347 1026 1363 1070 δ

366 1127 447 1184 runt
462 1122 549 1185 duas
562 1121 707 1198 insulas,
722 1119 865 1198 scilicet,
883 1118 1028 1182 Ronech
1043 1124 1079 1180 et
1094 1116 1216 1180 Echio.
1249 1116 1319 1181 Ca-

365 1220 472 1283 docus
494 1220 639 1285 intravit
660 1218 905 1302 proximiorem
927 1217 1081 1294 Walliae,
1106 1214 1231 1280 Gildas
1256 1216 1317 1280 ad-

360 1319 535 1401 jacentem
558 1318 710 1401 Angliae.
763 1317 940 1381 Nolebant
963 1315 1122 1399 impediri
1145 1316 1182 1379 in
1208 1317 1318 1381 cccle-

365 1418 506 1484 siastico
520 1417 632 1483 officio
652 1439 674 1482 a
688 1417 899 1482 confluentia
921 1416 1110 1494 hominum,
1134 1422 1318 1499 propterea

365 1518 566 1583 nesciebant
579 1517 702 1583 melius
717 1516 899 1581 consilium
908 1535 1012 1598 quam
1026 1516 1219 1599 relinquere
1231 1514 1317 1580 Car·
1329 1529 1362 1576 ιο

364 1617 490 1680 banam
504 1618 643 1682 Vallem
656 1625 691 1682 et
702 1617 797 1680 adire
807 1617 959 1680 insulare
974 1623 1154 1680 secretum.
1194 1614 1317 1679 Gildas

363 1715 524 1782 fundavit
538 1717 574 1780 in
589 1718 719 1781 honore
734 1725 865 1780 sanctae
879 1724 914 1780 et
929 1716 1117 1780 individuae
1133 1715 1317 1779 Trinitatis

365 1817 566 1895 oratorium,
580 1825 615 1881 et
623 1818 729 1901 juxta
743 1816 829 1881 illud
845 1837 946 1880 suum
961 1816 1156 1881 cubiculum
1168 1836 1177 1894 3
1195 1834 1265 1878 non
1280 1815 1317 1878 in

364 1914 424 1979 illo
435 1923 551 1980 tamen
562 1917 713 1981 habebat
723 1937 824 1979 suum
837 1918 977 1993 lectum,
992 1915 1053 1979 sed
1066 1916 1130 1979 sub
1144 1915 1218 1978 alta
1231 1935 1316 1996 rupe

363 2015 527 2096 positum,
549 2017 609 2079 ubi
626 2016 767 2099 jacebat
782 2034 892 2097 usque
906 2015 1052 2078 mediam
1069 2020 1205 2077 noctem
1225 2014 1315 2094 vigi·
1327 2022 1358 2070 1⁶

363 2112 440 2175 lans
454 2121 489 2178 et
511 2133 614 2177 orans
629 2134 734 2196 supra
754 2122 887 2195 petram
903 2113 1172 2195 omnipotentem
1187 2112 1313 2178 Deum.

363 2211 499 2276 Deinde
510 2213 628 2277 adibat
642 2213 821 2277 ecclesiam
830 2213 1019 2294 frigescens
1031 2212 1186 2290 nimium,
1202 2211 1314 2294 frigus

363 2319 438 2374 erat
452 2312 485 2375 ei
500 2312 599 2376 dulce
613 2318 648 2376 et
657 2312 834 2376 tolerabile
842 2319 984 2394 propter
993 2312 1118 2375 Deum.
1157 2311 1313 2376 Piscicu-

363 2409 416 2474 los
437 2411 598 2475 trahebat
611 2431 633 2474 a
646 2412 712 2475 reti
734 2418 769 2476 ct
791 2431 860 2476 ova
881 2430 902 2474 a
924 2411 1015 2474 nidis
1029 2411 1206 2476 volucrum
1222 2412 1312 2476 unde

362 2509 514 2589 vivebat,
528 2512 619 2593 quod
639 2511 706 2575 sibi
720 2510 910 2575 sufficiebat
926 2511 969 2574 ad
983 2511 1195 2576 alimentum.
1247 2511 1311 2574 Vi·
1324 2529 1359 2576 ro

363 2608 492 2674 sitabat
519 2630 610 2674 unus
639 2611 805 2692 alterum3
834 2611 1048 2675 remanentia
1068 2610 1150 2675 talis
1173 2611 1312 2676 duravit

362 2709 477 2791 spatio
493 2719 625 2793 septem
640 2730 818 2776 annorum.

200 2818 310 2910 pfgpp
414 2809 501 2891 §ln
526 2809 686 2873 Summus
717 2809 862 2874 Creator
891 2809 1012 2873 videns
1042 2828 1142 2872 suum
1171 2808 1313 2873 Gildam

262 2881 289 2910 ⁰¹¹
303 2881 349 2921 ω’
362 2906 523 2972 dilectum
554 2909 721 2972 famulum
748 2928 864 2972 carere
894 2907 1042 2970 durabili
1068 2926 1160 2989 aqua
1186 2915 1314 2989 practer

361 3013 481 3088 guttas
514 3007 695 3088 pluviales,
723 3026 801 3089 quae
831 3005 1001 3070 cadebant
1031 3025 1134 3087 super
1161 3026 1249 3070 saxa
1277 3015 1312 3070 et
1325 3023 1356 3067 25

361 3124 438 3186 quac
462 3105 700 3169 retinebantur
724 3106 898 3182 cadentes,
929 3104 1010 3168 fecit
1038 3105 1150 3168 rivum
1176 3105 1312 3192 effluere

360 3204 403 3267 dc
418 3223 503 3286 rupe
520 3205 603 3282 alta,
618 3205 677 3287 qui
692 3203 826 3268 effluxit
840 3212 876 3267 et
893 3203 1001 3267 effluit
1014 3211 1049 3267 et
1068 3204 1222 3268 manebit
1237 3206 1311 3269 sine

396 3425 646 3496 ¹Necccnfirrnnnt.]
660 3431 711 3492 B.;
725 3430 824 3479 nicon-
849 3429 916 3478 holm
940 3431 990 3479 and
1012 3430 1150 3492 Stepholm.
1199 3431 1312 3482 Camden

360 3496 525 3559 lirmatunrl.
850 3500 920 3561 gives
932 3500 998 3550 their
1009 3501 1105 3550 British
1120 3502 1310 3551 namesthus-

395 3566 406 3598 ³
423 3569 510 3618 Finito
526 3605 532 3620 .
546 3606 553 3620 .
566 3606 573 3620 .
585 3570 724 3632 secretum]
742 3568 823 3617 Habi·
849 3570 970 3619 ‘Reoric'
986 3571 1036 3620 and
1051 3571 1168 3634 ‘Echin‚'
1185 3572 1250 3621 Brit.
1261 3570 1310 3621 eol.

360 3639 423 3686 tavit
442 3639 543 3688 demum
561 3641 601 3688 vir
619 3640 669 3688 Dei
690 3642 717 3688 in
738 3640 823 3687 insula
849 3643 930 3699 1049;
948 3640 1053 3690 Usher’s
1069 3645 1124 3689 text
1139 3641 1223 3704 reads,
1242 3642 1311 3691 ‘Ro-

360 3706 469 3768 quadam
488 3709 559 3756 fluvii
578 3709 701 3770 Sabrinae,
719 3712 753 3768 et,
767 3707 824 3756 fun·
848 3708 912 3756 nech
923 3710 1060 3760 etEchin.'

360 3776 421 3824 data
433 3776 468 3823 ibi
479 3778 621 3826 ecclesiain
633 3777 823 3839 rupequadam,
884 3772 895 3803 ⁶
913 3778 1021 3829 Cadoruc
1040 3814 1088 3830 ...
1106 3779 1238 3844 nolebant]
1254 3782 1311 3832 Om.

360 3845 454 3893 orando
466 3850 551 3895 noctes
568 3847 678 3896 ducebat
688 3848 822 3896 insomnes.
852 3846 939 3896 Under.

363 3915 628 4052 &liupana
883 3913 903 4014 l
917 3917 1309 4051 sursulus:

394 4050 510 4102 6Βοτιιόὶι
516 4048 649 4121 efficitis]
657 4053 719 4103 Two
725 4053 823 4103 islands
883 4051 905 4084 ²⁴
922 4056 1041 4120 Protea]
1054 4058 1170 4120 Propter,
1181 4057 1215 4108 A.

359 4123 384 4169 in
401 4123 443 4173 the
456 4125 522 4173 river
537 4125 639 4188 Severo,
655 4124 738 4172 called
756 4124 824 4173 Flat·
883 4121 905 4153 ²⁶
923 4127 1062 4190 Cedentes]
1075 4128 1208 4190 Cadentia,
1219 4128 1300 4177 MSS.
