3014 5046
372 438 417 500 94
683 450 855 498 nrrsronl
880 451 1010 499 ornum.

373 613 516 674 aoruml
569 609 868 688 Quemadmodum
883 609 1107 673 comederunt
1117 624 1240 673 carnes
1253 609 1327 692 ple-

374 712 426 774 bis
451 729 549 788 meae,
576 717 611 774 et
634 710 742 792 pelles
766 728 884 773 eorum
909 710 1025 774 abeis
1049 709 1327 788 excoriaverunt,

373 829 455 874 ossa
482 830 601 874 eorum
630 809 876 891 confregerunt
904 817 940 874 et
970 809 1201 887 laniaverunt,
1226 812 1327 892 quasi

373 929 495 975 carnes
520 911 557 973 in
579 910 671 991 olla;
704 910 965 973 succlamabunt
990 909 1035 974 ad
1062 909 1176 973 Deum
1198 916 1234 974 et
1255 931 1327 974 non

374 1011 538 1074 exaudiet
553 1029 624 1087 eos,
639 1017 675 1074 et
688 1016 823 1075 avertet
838 1009 960 1073 saciem
974 1027 1074 1072 suam
1087 1010 1132 1072 ab
1147 1007 1197 1072 eis
1213 1008 1251 1072 in
1265 1010 1326 1075 illo
1355 1029 1371 1072 e

373 1118 539 1193 tempore,
568 1117 709 1192 propter
737 1109 830 1192 quod
866 1109 1037 1173 malitiose
1073 1116 1255 1191 gesserunt
1289 1108 1327 1174 in

374 1210 675 1275 adinventionibus
713 1209 785 1272 suis
823 1229 928 1292 super
959 1210 1066 1291 ipsos.
1118 1207 1209 1273 Haec
1243 1209 1328 1277 dicit

375 1311 547 1374 Dominus
568 1329 672 1392 super
684 1309 885 1391 prophetas,
899 1310 959 1392 qui
973 1309 1144 1373 seducunt
1158 1308 1326 1391 populum

373 1399 503 1488 meum,
524 1410 584 1491 qui
609 1409 767 1473 mordent
788 1408 948 1472 dentibus
970 1408 1054 1486 suis,
1076 1414 1112 1472 et
1136 1408 1329 1490 praedicant

373 1509 411 1571 in
427 1529 505 1572 eum
519 1528 651 1592 pacem,
668 1516 703 1573 et
718 1529 788 1572 non
803 1516 857 1572 est
872 1508 956 1572 data
965 1509 1002 1571 in
1016 1528 1055 1571 os
1070 1527 1208 1587 eorum3
1232 1507 1327 1572 exci-
1339 1524 1372 1571 to

375 1609 449 1673 tavi
462 1609 499 1672 in
513 1629 591 1672 eum
606 1608 745 1672 ballum.
798 1607 990 1690 Propterea
1004 1627 1076 1671 nox
1091 1607 1157 1672 erit
1167 1609 1266 1673 vobis
1281 1628 1328 1672 ex
1361 1676 1369 1691 .

376 1709 519 1786 visione,
535 1716 570 1772 et
583 1709 735 1772 tenebrae
751 1708 848 1772 vobis
872 1715 974 1772 erunt
988 1727 1033 1771 ex
1051 1706 1277 1786 divinatione,
1291 1716 1328 1773 et

374 1809 508 1873 occidet
544 1808 597 1874 sol
626 1827 730 1891 super
757 1807 957 1890 prophetas,
985 1814 1020 1872 et
1047 1809 1329 1873 contenebrescet

375 1928 480 1991 super
503 1927 562 1972 eos
584 1908 670 1985 dies,
685 1915 721 1972 et
734 1907 988 1971 confundentur
1001 1907 1159 1972 videntes
1180 1908 1327 1987 somnia,

376 2016 412 2072 et
436 2008 681 2073 deridebuntur
702 2006 823 2084 divini,
839 2015 874 2071 et
897 2009 1140 2072 obtrectabunt
1161 2007 1328 2073 adversus
1338 2023 1371 2070 ts

376 2128 495 2172 omnes
517 2108 606 2189 ipsi;
631 2107 795 2189 quoniam
818 2127 887 2170 non
910 2108 976 2171 erit
990 2108 1050 2190 qui
1074 2107 1241 2171 exaudiat
1255 2127 1328 2186 eos,

376 2208 406 2270 si
422 2228 492 2271 non
508 2227 573 2288 ego
588 2206 776 2288 implevero
791 2205 1029 2271 fortitudinem
1051 2206 1088 2270 in
1105 2207 1237 2290 Spiritu
1252 2208 1327 2273 Do·

376 2306 460 2369 mini
474 2315 510 2371 et
519 2305 651 2390 judicio
673 2314 710 2370 et
731 2313 917 2389 potestate,
932 2315 972 2372 ut
985 2307 1193 2370 annunciem
1210 2308 1328 2373 domui

376 2405 488 2470 Jacob
524 2405 722 2487 impietates
752 2426 847 2485 suas,
876 2414 912 2470 et
941 2406 1052 2471 Israel
1079 2415 1224 2489 peccata
1250 2426 1326 2473 sua.

375 2504 505 2570 Audite
525 2506 599 2568 haec
620 2506 740 2588 itaque
754 2507 859 2571 duces
874 2506 995 2570 domus
1010 2506 1134 2584 Jacob,
1150 2513 1185 2571 et
1199 2507 1328 2572 residui
1338 2524 1373 2570 so

374 2605 496 2669 domus
510 2605 634 2683 Israel,
654 2608 714 2688 qui
734 2607 978 2671 abominamini
996 2606 1177 2691 judicium,
1197 2614 1233 2671 et
1253 2627 1327 2671 om-

375 2706 435 2770 nia
455 2713 552 2770 recta
572 2707 782 2789 pervertitis,
797 2707 856 2789 qui
878 2707 1058 2770 aedificatis
1081 2707 1165 2770 Sion
1186 2706 1223 2770 in
1245 2725 1326 2770 san-

374 2805 480 2886 guine
502 2814 538 2870 et
559 2805 754 2871 Jerusalem
778 2807 814 2870 in
838 2807 1100 2888 iniquitatibus3
1124 2807 1228 2870 duces
1250 2807 1328 2891 ejus

375 2924 452 2968 cum
476 2906 675 2969 muneribus
692 2905 865 2990 judicant,
879 2914 915 2970 et
928 2906 1125 2969 sacerdotes
1149 2906 1225 2990 ejus
1249 2926 1327 2970 cum

374 3005 529 3067 mercede
552 3004 818 3084 respondebant,
834 3012 869 3067 et
882 3003 1060 3087 prophetae
1076 3005 1151 3088 ejus
1174 3025 1252 3069 cum
1266 3026 1327 3088 pe·
1339 3021 1373 3065 as

375 3104 477 3167 cunia
504 3103 720 3181 divinabant,
748 3109 783 3166 et
809 3103 845 3165 in
869 3104 1021 3167 Domino
1051 3103 1328 3186 requiescebant,

375 3202 540 3278 dicentes,
566 3201 693 3266 Nonne
724 3202 895 3266 Dominus
917 3203 953 3266 in
983 3203 1083 3267 nobis
1112 3207 1189 3268 estl
1243 3205 1280 3270 N
1281 3226 1327 3271 on

375 3303 516 3367 venient
529 3322 634 3384 super
656 3322 720 3366 nos
742 3302 845 3366 mala.
899 3302 985 3367 Ideo
1002 3310 1144 3386 propter
1157 3324 1220 3368 vos
1242 3305 1326 3369 Sion

375 3403 465 3466 sicut
488 3422 572 3485 ager
598 3404 763 3480 arabitur,
787 3410 823 3468 et
847 3402 1043 3468 Jerusalem
1073 3404 1164 3468 sicut
1186 3405 1327 3488 specula

375 3503 522 3585 pomarii
547 3504 624 3581 erit,
645 3511 681 3567 et
702 3522 801 3567 mons
824 3503 945 3568 domus
968 3504 1059 3567 sicut
1083 3503 1179 3568 locus
1204 3504 1326 3587 sylvae.
1340 3519 1374 3564 so

376 3603 423 3666 Et
437 3611 518 3686 post
533 3602 724 3684 aliquanta,
737 3602 819 3666 Heu
835 3624 890 3666 me
902 3605 909 3668 !
926 3603 1132 3686 quiefactus
1147 3624 1223 3667 sum
1237 3606 1328 3669 sicut

376 3701 436 3782 qui
458 3701 591 3781 colligit
610 3700 774 3782 stipulam
798 3702 835 3765 in
859 3722 982 3781 messe,
996 3711 1032 3767 et
1055 3704 1145 3768 sicut
1170 3723 1327 3768 racemus

375 3799 412 3862 in
422 3799 605 3875 vindemia,
619 3819 697 3863 cum
713 3820 782 3863 non
796 3802 843 3865 sit
857 3804 977 3866 botrus
991 3804 1035 3866 ad
1050 3803 1327 3867 manducandum

376 3899 562 3981 primitiva.
616 3898 698 3963 Heu
722 3902 797 3965 me!
822 3903 938 3966 anima
960 3903 1042 3985 quia
1063 3902 1167 3986 periit
1181 3905 1327 3968 terrenis

638 4202 724 4254 ffloec
738 4241 744 4256 .
757 4240 764 4258 .
779 4199 943 4273 preparat]
964 4207 1019 4255 Om.
1033 4208 1063 4256 V.
