3014 5046
611 485 784 534 urrsrona
808 485 938 533 cunum.
1208 472 1253 536 89

298 644 439 722 offerat;
474 645 535 725 qui
564 643 765 708 recordatur
786 643 911 720 thuris,
936 645 1037 726 quasi
1062 645 1122 727 qui
1147 646 1251 709 benc-

296 744 390 809 dicat
414 743 519 808 idolo.
572 743 663 807 Haec
686 743 802 807 omnia
824 742 1004 825 elegerunt
1026 744 1062 807 in
1077 745 1143 809 viis
1166 747 1251 823 suis,

297 844 383 910 etin
397 844 712 908 abominationibus
726 843 798 906 suis
814 842 932 908 anima
946 863 1065 908 eorum
1079 845 1252 910 delectata

297 951 362 1011 est.
872 1001 874 1007 ,

195 1040 200 1046 ’
266 1061 284 1105 a
302 1113 305 1117 ⁴
350 1043 368 1127 §
382 1043 440 1108 80.
452 1043 477 1108 J
479 1043 624 1107 eremias
639 1062 776 1126 quoque
790 1044 890 1126 virgo
904 1042 1153 1127 prophetaque,
1168 1044 1250 1126 quid
1262 1063 1378 1111 sermm,

297 1143 539 1227 insipientibus
554 1143 718 1226 loquatur
731 1144 941 1225 pastoribus,
953 1145 1134 1208 attendite.
1159 1142 1251 1209 Haec

298 1242 382 1307 dicit
404 1244 588 1321 Dominus,
607 1242 701 1321 Quid
723 1243 930 1308 invenerunt
952 1251 1069 1326 patres
1084 1244 1192 1309 vestri
1213 1244 1251 1308 in

298 1363 353 1406 me
367 1343 573 1426 iniquitatis,
589 1344 672 1424 quia
693 1343 945 1425 elongaverunt
959 1362 981 1407 a
995 1363 1062 1421 me,
1080 1352 1116 1409 et
1129 1345 1250 1408 ambu-

298 1442 458 1508 laverunt
471 1451 552 1526 post
565 1444 768 1519 vanitatem,
791 1451 827 1507 et
841 1445 923 1508 vani
938 1443 1022 1507 facti
1040 1446 1150 1508 sunti
1203 1443 1250 1508 Et

254 1568 285 1612 ro
298 1543 402 1624 paulo
439 1552 530 1626 post,
569 1543 617 1607 Et
652 1543 800 1626 ingressi
822 1544 1085 1608 contaminastis
1122 1551 1250 1608 terram

184 1674 188 1677 v
298 1662 421 1722 meam,
441 1651 477 1708 et
498 1643 723 1707 hereditatem
746 1662 857 1707 meam
879 1644 1044 1725 posuistis
1066 1645 1102 1707 in
1119 1644 1250 1708 abomi-

300 1744 486 1808 nationem.
538 1743 741 1807 Sacerdotes
756 1762 825 1806 non
843 1743 1019 1820 dixerunt,
1033 1744 1093 1806 ubi
1107 1751 1161 1807 est
1176 1744 1250 1807 Do-

299 1843 438 1908 minus?
462 1851 498 1907 et
513 1850 671 1908 tenentes
693 1843 805 1924 legem
828 1844 1024 1906 nescierunt
1038 1863 1104 1919 me,
1120 1849 1156 1905 et
1171 1862 1251 1924 pas-

299 1950 393 2011 tores
406 1943 625 2026 praeran'cati
647 1943 787 2007 suntin
808 1962 874 2006 me.
926 1942 1117 2024 Propterea
1138 1942 1251 2006 adhuc

174 2031 177 2037 ⁵
257 2066 286 2110 rs
296 2043 427 2127 judicio
457 2043 663 2109 contendam
700 2043 890 2121 vobiscum,
920 2043 970 2106 ait
999 2043 1183 2120 Dominus,
1216 2050 1251 2107 et

300 2162 378 2206 cum
417 2143 496 2208 filiis
524 2145 650 2208 vestris
678 2143 890 2225 disceptabo.
943 2143 1033 2207 Item
1070 2149 1149 2224 post
1188 2142 1251 2205 aii-

301 2251 444 2325 quanta,
469 2245 598 2326 Stupor
621 2251 656 2308 et
677 2244 849 2308 mirabilia
868 2243 962 2307 facta
984 2244 1124 2307 suntin
1147 2250 1252 2320 terra,

300 2343 478 2426 prophetae
501 2344 737 2427 praedicabant
753 2343 981 2421 mendacium,
1004 2351 1040 2407 et
1055 2342 1252 2407 sacerdotes

298 2444 555 2524 applaudebant
577 2444 734 2506 manibus
757 2443 841 2520 suis,
856 2450 891 2506 et
908 2442 1057 2525 populus
1080 2462 1176 2505 meus
1199 2442 1251 2505 di-

252 2530 385 2610 aolexit
398 2544 494 2609 talia.
548 2542 641 2621 Quid
664 2543 771 2622 igitur
786 2542 846 2605 fiet
868 2542 904 2604 in
927 2542 1123 2605 novissimis
1148 2541 1249 2624 ejusi

300 2641 366 2706 Cui
388 2642 511 2724 loquar
526 2649 561 2705 et
575 2643 808 2719 contestabor,
822 2649 862 2705 ut
884 2641 1027 2705 audiat?
1080 2641 1182 2716 Ecce,
1197 2641 1250 2703 in-

298 2744 508 2806 circumcisae
531 2760 631 2804 aures
653 2760 782 2817 eorum,
806 2749 841 2805 et
864 2741 982 2804 audire
997 2761 1068 2805 non
1093 2748 1250 2823 possunt.

299 2843 402 2919 Ecce,
418 2844 560 2907 verbum
584 2839 725 2904 Domini
743 2840 877 2923 *factum
900 2850 953 2905 est
975 2840 1043 2904 illis
1065 2841 1101 2903 in
1124 2860 1250 2922 oppro-

299 2943 422 3019 brium,
449 2949 484 3006 et
509 2962 579 3006 non
602 2941 796 3024 suscipiunt
819 2942 927 3023 illud3
960 2942 1043 3023 quia
1066 2941 1254 3033 extendam

253 3062 286 3107 aa
299 3062 438 3105 manum
453 3062 564 3106 meam
587 3061 691 3124 super
705 3042 901 3106 habitantes
924 3050 1062 3120 terram,
1079 3042 1163 3105 dicit
1176 3043 1250 3106 Do-

300 3142 424 3207 minus.
476 3142 510 3207 A
541 3143 673 3206 minore
702 3144 828 3226 quippe
857 3163 966 3224 usquc
1003 3142 1047 3205 ad
1085 3142 1250 3226 majorem

300 3263 418 3307 omnes
433 3243 589 3307 avaritiae
611 3243 763 3319 student,
784 3250 820 3306 et
841 3261 863 3304 a
884 3242 1053 3326 propheta
1075 3262 1184 3323 usque
1206 3243 1251 3306 ad

299 3343 512 3406 sacerdotem
537 3343 652 3404 cuncti
675 3341 809 3405 faciunt
831 3341 960 3405 dolum.
1013 3342 1060 3404 Et
1083 3343 1251 3406 curabant

299 3442 540 3524 contritionem
563 3440 643 3503 filiae
665 3440 784 3521 populi
806 3440 873 3502 mei
895 3459 973 3503 cum
996 3439 1186 3521 ignominia
1199 3441 1250 3503 di-

255 3562 287 3607 ao
300 3550 428 3619 centeS,
447 3541 537 3618 Pax,
551 3558 633 3621 pax,
649 3547 685 3603 et
700 3560 769 3603 non
782 3540 848 3603 erit
861 3559 943 3622 pax.
997 3537 1142 3602 Confusi
1156 3546 1250 3616 sunt,

300 3643 360 3724 qui
382 3641 671 3707 abominationem
694 3638 860 3703 fecerunt.
913 3638 1008 3718 Quin
1031 3639 1146 3722 potius
1169 3657 1251 3702 con-

300 3742 435 3807 fusione
464 3762 533 3805 non
564 3747 646 3804 sunt
675 3739 821 3817 confusi,
847 3748 882 3804 et
912 3741 1111 3804 erubescere
1141 3740 1251 3803 nesci-

301 3851 412 3906 erunt.
465 3842 698 3921 Quamobrem
709 3818 833 3904 cadent
845 3840 937 3904 inter
951 3847 1102 3917 ruenteS,
1115 3839 1151 3902 in
1164 3847 1258 3929 tem-p

300 3964 383 4026 porc
398 3940 607 4009 visitationis
629 3959 747 4003 eorum
773 3947 945 4017 corruent,
969 3939 1054 4003 dicit
1069 3940 1251 4004 Dominus

335 4203 499 4277 Hermaia]
529 4211 619 4258 Ierem.
643 4211 671 4258 ii.
692 4216 717 4270 5,
739 4214 764 4270 7,
791 4225 816 4256 x.
838 4211 884 4267 3⁰3
901 4207 937 4256 xi.
957 4210 1004 4265 153
1026 4207 1071 4256 xii.
1091 4210 1123 4267 93
1140 4206 1192 4256 xiv.
1213 4210 1255 4269 1⁰,

301 4286 333 4346 95
350 4297 373 4330 v.
387 4284 433 4342 ³⁰3
451 4282 484 4330 vi.
499 4284 628 4343 10,12,aa
638 4296 646 4340 ;
657 4282 701 4332 vii.
715 4284 764 4340 ¹13
791 4283 838 4338 1³3
856 4278 929 4327 xxiii.
943 4280 968 4338 1,
979 4281 1024 4326 etr.
