3014 5046
366 430 431 494 100
682 442 854 492 nrrsrom
876 440 1008 490 cruos.

369 602 492 680 lsrael,
507 608 542 666 et
564 601 683 666 audies
706 621 751 665 ex
773 620 833 665 ore
852 621 929 664 meo
945 600 1100 676 verbum,
1117 617 1195 661 cum
1209 597 1322 663 dicam

368 703 554 786 peccatori,
579 709 689 765 morte
713 701 887 780 morieris3
924 707 960 764 et
989 720 1060 763 non
1088 699 1254 782 loqueris,
1282 707 1323 765 ut

370 809 506 867 avertat
528 821 566 864 se
593 821 615 864 a
629 802 687 865 via
710 820 774 865 sua
795 801 943 882 impius3
967 807 1003 863 et
1026 800 1101 881 ipse
1123 799 1263 882 iniquus
1285 799 1323 862 in

369 903 554 985 iniquitate
577 921 641 964 sua
667 901 843 976 morietur,
867 900 1071 982 sanguinem
1099 906 1214 962 autem
1246 899 1323 982 ejus

370 1002 414 1066 de
436 1021 542 1066 manu
561 1009 623 1064 tua
643 1000 828 1083 requiram.
880 999 936 1062 Tu
950 1019 1046 1077 vero,
1066 999 1096 1061 si
1119 998 1323 1080 praedixerIs
1351 1009 1367 1054 ⁵

370 1102 476 1183 impio
491 1102 582 1165 viam
606 1100 693 1184 ejus,
708 1107 748 1164 ut
773 1106 909 1163 avertat
930 1118 968 1163 se
992 1099 1035 1162 ab
1058 1117 1111 1175 ea,
1134 1104 1170 1162 et
1193 1119 1264 1162 non
1286 1118 1324 1162 se

371 1201 536 1266 averterit
558 1220 580 1263 a
594 1200 653 1264 via
677 1220 759 1278 sua;
784 1199 839 1262 hic
863 1218 928 1261 sua
945 1199 1123 1282 impietate
1146 1199 1325 1278 morietur,

371 1306 407 1364 ct
422 1306 461 1364 tu
474 1301 624 1363 animam
638 1307 734 1362 tuam
749 1299 918 1383 eripuisti.

423 1399 441 1482 ἓ
455 1399 510 1463 92.
534 1399 603 1463 Sed
617 1397 790 1463 sufficiant
801 1398 875 1462 haec
889 1417 1002 1482 pauca
1015 1397 1058 1461 de
1072 1397 1228 1482 pluribus
1244 1418 1326 1481 pro·

371 1499 553 1582 phetarum
575 1499 785 1576 testimonia,
800 1499 925 1582 quibus
946 1498 1143 1562 retunditur
1164 1498 1327 1582 superbia
1339 1514 1371 1563 ro

371 1599 427 1663 vel
452 1600 595 1680 ignavia
616 1598 835 1662 sacerdotum
854 1599 1120 1676 contumacium,
1134 1618 1179 1661 ne
1200 1605 1326 1682 putent

371 1718 436 1763 nos
449 1699 590 1782 propria
600 1699 715 1781 potius
731 1697 988 1776 adinventione,
997 1717 1102 1782 quam
1112 1698 1211 1779 legis,
1223 1716 1325 1762 sanc·

372 1807 487 1862 torum
501 1799 557 1862 vel
575 1799 793 1874 auctoritate,
809 1799 859 1861 eis
882 1798 968 1862 talia
988 1797 1207 1861 denunciare.
1260 1797 1326 1862 Vi·

372 1898 513 1962 deamus
533 1898 640 1979 igitur
655 1898 737 1979 quid
754 1899 967 1979 Evangelica
991 1898 1076 1962 tuba
1094 1897 1223 1961 mundo
1246 1918 1325 1982 per-

372 2017 502 2062 sonans
529 1998 735 2061 inordinatis
763 1998 999 2062 sacerdotibus
1028 1998 1222 2079 eloquatur,
1254 2018 1324 2062 non
1338 2016 1370 2065 lv

373 2097 465 2160 enim
491 2096 533 2160 de
555 2097 636 2173 illis,
658 2105 698 2161 ut
720 2097 796 2180 jam
824 2097 987 2175 diximus
1016 2098 1077 2180 qui
1099 2098 1325 2182 apostolicam

373 2197 489 2260 sedem
511 2196 663 2276 legitime
687 2197 856 2273 obtinent,
869 2197 995 2280 quique
1007 2198 1095 2261 bene
1112 2204 1241 2262 norunt
1256 2199 1325 2262 lar·

376 2297 443 2377 giri
457 2295 651 2377 spiritualia
664 2298 840 2361 conservis
862 2298 934 2360 suis
957 2298 993 2359 in
1015 2305 1169 2379 tempore
1185 2298 1325 2376 cibaria,

373 2395 404 2457 si
419 2396 479 2478 qui
492 2402 608 2458 tamen
631 2396 731 2459 multi
753 2396 788 2459 in
811 2397 1075 2480 praesentiarum
1091 2404 1186 2475 sunt,
1199 2397 1260 2461 sed
1282 2398 1326 2463 de

373 2495 570 2578 pastoribus
600 2496 780 2579 imperitis,
806 2495 866 2580 qui
893 2496 1137 2581 derelinquunt
1164 2517 1259 2572 oves,
1291 2505 1371 2563 etro

373 2601 522 2677 pascunt
533 2601 636 2672 vana,
651 2602 687 2659 et
700 2617 770 2661 non
784 2596 914 2660 habent
927 2598 1034 2661 verba
1047 2597 1197 2681 pastoris
1211 2598 1326 2680 periti,

374 2696 473 2759 nobis
487 2715 599 2758 sermo
615 2703 679 2760 est.
732 2696 885 2761 Evidens
900 2717 982 2778 ergo
997 2698 1160 2760 indicium
1175 2703 1240 2774 est,
1256 2717 1327 2760 non

375 2814 450 2861 esse
478 2814 557 2857 eum
584 2796 776 2877 legitimum
808 2804 995 2879 pastorem,
1033 2795 1093 2860 sed
1122 2796 1326 2861 mediocrem

375 2896 513 2976 quidem
538 2894 785 2973 Christianum,
814 2896 874 2978 qui
902 2895 977 2959 hacc
1000 2916 1070 2959 non
1096 2903 1168 2960 tam
1195 2903 1326 2974 nostra,

375 2995 434 3074 qui
457 2993 558 3057 valde
580 2993 698 3073 exigui
723 3013 853 3070 sumuS,
877 3014 981 3075 quam
1004 2994 1143 3058 Veteris
1164 2994 1370 3080 Noviqueaa

374 3091 590 3156 Testamenti
605 3091 743 3154 decreta
761 3093 984 3170 recusaverit,
999 3093 1055 3156 vel
1076 3091 1250 3158 inficiatus
1273 3096 1327 3160 fu·

375 3190 452 3268 erit,
482 3192 572 3254 sicut
603 3191 690 3254 bene
719 3193 859 3273 quidam
888 3199 1086 3256 nostrorum
1114 3193 1184 3274 ait3
1215 3195 1327 3279 Opta·

374 3290 490 3354 biliter
513 3291 682 3374 cupimuS,
712 3300 754 3355 ut
782 3292 899 3357 hostes
928 3292 1081 3357 ecclesiae
1112 3294 1182 3358 sint
1218 3296 1329 3360 nostri

377 3411 515 3473 quoquc
540 3393 669 3474 absque
696 3392 768 3456 ullo
795 3392 925 3457 foedere
949 3393 1079 3470 hostes,
1105 3400 1141 3457 et
1163 3395 1264 3458 amici
1287 3415 1328 3459 ac

375 3491 571 3556 defensores
596 3492 704 3556 nostri
728 3513 797 3556 non
820 3494 931 3557 solum
952 3493 1126 3570 foederati,
1141 3493 1200 3557 sed
1222 3496 1373 3559 ctiamao

375 3599 493 3673 patres
517 3612 557 3655 ac
583 3592 712 3655 domini
732 3592 935 3658 habeantur.
990 3592 1208 3657 Conveniunt
1231 3613 1328 3657 nam·

376 3710 443 3771 que
465 3690 593 3771 singuli
607 3711 690 3754 vero
707 3693 865 3756 examine
888 3693 1133 3757 conscientiam
1156 3712 1266 3772 suam,
1293 3702 1329 3760 et

376 3789 426 3851 ita
440 3788 705 3870 deprehendent,
729 3810 774 3853 an
797 3790 983 3856 secundum
1006 3802 1136 3857 rectam
1158 3794 1328 3858 rationem

369 3884 582 3952 'sacerdotali
612 3888 784 3954 cathedras
815 3891 998 3957 insideant.
1051 3893 1253 3972 Videamus
1275 3894 1328 3957 in-

410 4171 431 4270 2⁰
445 4176 561 4240 Quibus]
579 4178 654 4241 Quis,
667 4179 697 4233 V.
899 4177 920 4210 ²²
932 4176 1032 4251 Nobis]
1053 4183 1141 4246 Vobis,
1153 4184 1187 4236 B.

423 4240 430 4272 ¹
446 4245 500 4307 Et]
519 4247 596 4309 Nam,
612 4247 642 4299 V.
899 4246 920 4282 ²⁸
932 4251 1012 4315 sou]
1033 4254 1088 4303 Om.
1106 4254 1136 4305 V.
