3014 5046
362 475 427 540 108
677 492 849 540 urrsronn
872 490 1002 537 ernon.

363 657 444 713 sunt
464 648 612 732 operarii
626 650 774 727 subdoli,
789 648 1078 730 transfigurantes
1098 664 1136 708 se
1149 645 1186 710 in
1201 643 1317 729 Apos-

361 751 452 813 tolos
484 749 624 813 Christi.
679 751 726 814 Et
753 770 823 812 non
852 750 996 826 mirum3
1030 746 1104 828 ipse
1132 746 1224 811 enim
1252 745 1316 810 Sa-

361 850 487 913 thanas
511 850 738 932 transfigurat
767 869 805 912 se
827 848 865 911 in
890 846 1052 929 angelum
1079 846 1180 911 lucis.
1232 845 1316 910 Non

360 959 414 1015 est
428 969 593 1031 magnum
607 951 714 1031 igitur
726 949 757 1013 si
771 948 920 1012 ministri
934 947 1010 1031 ejus
1025 946 1318 1029 transfigurentur

360 1057 400 1114 ut
428 1049 544 1131 angeli
567 1049 728 1132 justitiae,
758 1067 905 1133 quorum
929 1047 1008 1112 finis
1033 1046 1100 1111 erit
1127 1045 1316 1111 secundum
1344 1059 1359 1105 s

359 1169 466 1232 opera
479 1168 608 1212 eorum.

412 1249 520 1332 §102
535 1246 717 1312 Attendite
732 1266 869 1331 quoque
880 1246 961 1328 quid
974 1247 1018 1309 ad
1029 1245 1199 1329 Ephesios
1208 1245 1315 1312 dicat.

360 1345 419 1411 An
445 1349 586 1412 nescitis
609 1366 672 1411 vos
696 1366 760 1428 pro
784 1346 849 1410 hoc
875 1347 912 1409 in
935 1346 1051 1428 aliquo
1075 1365 1153 1410 reos
1179 1347 1314 1410 tenerit

361 1446 454 1526 Hoc,
477 1448 649 1529 inquiens,
674 1446 751 1509 dico
777 1453 812 1510 et
839 1445 1006 1509 testificor
1032 1446 1069 1509 in
1089 1445 1252 1523 Domino,
1274 1454 1315 1512 ut

356 1547 431 1630 jam
467 1567 537 1611 non
570 1546 753 1611 ambuletis
788 1546 879 1609 sicut
908 1543 1040 1609 Gentes
1068 1545 1248 1610 ambulant
1277 1546 1314 1609 in
1327 1557 1359 1605 lo

360 1649 516 1711 vanitate
531 1667 653 1711 sensus
669 1646 734 1722 sui,
749 1646 900 1709 tenebris
912 1646 1133 1709 obscuratum
1147 1645 1314 1710 habentes

359 1747 585 1824 intellectum,
609 1746 750 1810 alienati
772 1765 794 1809 a
813 1746 871 1809 via
893 1745 972 1821 Dei,
994 1765 1057 1827 per
1068 1745 1313 1827 ignorantiam,

359 1867 438 1928 quae
461 1854 514 1910 est
529 1848 565 1910 in
580 1848 661 1923 illis,
683 1852 825 1928 propter
846 1845 1037 1909 caecitatem
1055 1845 1167 1909 cordis
1182 1864 1313 1925 eorum,

359 1947 420 2027 qui
453 1947 675 2028 desperantes
709 1946 912 2027 semetipsos
945 1943 1162 2008 tradiderunt
1199 1945 1313 2026 impu·

359 2045 485 2109 dicitiae
507 2047 544 2108 in
559 2046 793 2129 operationem
808 2045 920 2108 omnis
932 2044 1158 2108 immunditiae
1173 2051 1209 2109 et
1227 2051 1357 2110 ava-1⁵

358 2146 460 2209 ritiae.
512 2145 559 2207 Et
595 2147 673 2226 quis
705 2152 858 2207 vestrum
896 2151 1020 2224 sponte
1053 2144 1246 2227 expleverit
1275 2145 1311 2209 id

359 2245 450 2324 quod
466 2244 632 2325 sequitur,
652 2243 843 2326 Propterea
858 2242 964 2307 nolite
977 2243 1052 2306 fieri
1063 2243 1311 2328 imprudentes,

357 2343 418 2407 sed
442 2344 675 2425 intelligentes
699 2364 776 2426 quae
794 2343 841 2407 sit
861 2342 1024 2406 voluntas
1045 2344 1124 2421 Dei,
1146 2351 1182 2408 et
1203 2345 1310 2410 nolite

356 2443 520 2508 inebriari
532 2445 625 2521 vino,
648 2445 771 2528 inquo
793 2450 846 2508 est
867 2443 1025 2524 luxuria3
1048 2442 1110 2508 sed
1132 2443 1312 2529 replemini

357 2543 488 2627 Spiritu
504 2544 645 2608 Sancto.
1323 2554 1356 2603 2⁰

287 2665 309 2694 r
408 2644 517 2728 §lua
541 2644 608 2708 Sed
631 2651 667 2708 et
687 2643 779 2725 quod
800 2642 844 2706 ad
865 2642 1191 2708 Thessalonicenses
1214 2643 1310 2724 dicit,

357 2743 482 2826 Neque
504 2745 594 2807 enim
616 2744 743 2807 suimus
766 2742 858 2825 apud
880 2763 943 2806 vos
967 2743 1162 2826 aliquando
1178 2745 1215 2807 in
1237 2764 1310 2808 ser-

355 2863 457 2908 mone
475 2844 697 2920 adulationis,
717 2843 808 2906 sicut
824 2843 932 2919 scitis,
952 2862 1065 2924 neque
1078 2844 1115 2906 in
1129 2844 1310 2909 occasione

356 2945 524 3020 avaritiae,
554 2963 617 3005 nec
645 2948 840 3024 quaerentes
869 2942 913 3005 ab
937 2940 1131 3005 hominibus
1155 2944 1310 3025 gloriari,

355 3061 467 3123 neque
501 3061 523 3104 a
550 3041 662 3116 vobiS,
698 3059 809 3121 neque
838 3041 881 3102 ab
911 3040 1001 3116 aliis,
1029 3060 1106 3103 cum
1136 3045 1355 3122 possimussst

355 3140 478 3205 honori
512 3159 599 3216 esse,
632 3146 673 3203 ut
706 3139 811 3203 ceteri
841 3137 1003 3221 Apostoli
1032 3138 1173 3205 Christi.
1240 3143 1310 3208 Sed

355 3240 439 3305 facti
462 3259 580 3304 sumus
603 3239 692 3303 sicut
713 3239 850 3322 parvuli
871 3239 908 3301 in
929 3238 1042 3303 medio
1064 3247 1230 3319 vestrum,
1253 3243 1310 3308 vel

354 3347 521 3424 tanquam
543 3342 573 3404 si
595 3340 715 3403 nutrix
736 3339 854 3402 foveat
874 3340 1038 3420 parvulos
1061 3359 1154 3418 suos,
1176 3341 1228 3405 ita
1247 3341 1308 3406 de·

354 3441 544 3505 siderantes
574 3459 637 3504 vos
667 3439 789 3523 cupide
820 3439 1019 3502 volebamus
1048 3441 1147 3504 vobis
1171 3441 1308 3506 tradere

354 3561 424 3604 non
446 3542 557 3605 solum
582 3539 823 3621 Evangelium‚
851 3538 911 3602 sed
937 3540 1041 3602 etiam
1066 3541 1306 3605 animasnos-
1320 3556 1354 3604 su

353 3646 438 3703 tras
490 3641 529 3703 Si
547 3638 638 3702 hunc
661 3657 724 3702 vos
747 3636 909 3720 Apostoli
929 3641 1085 3703 retinetis
1097 3641 1135 3704 in
1147 3642 1306 3706 omnibus

354 3738 525 3815 affectum,
543 3738 619 3820 ejus
642 3757 779 3818 quoque
797 3737 969 3801 cathedrae
989 3740 1142 3820 legitime
1157 3740 1306 3806 insidere

352 3838 516 3901 noscatis.
568 3836 638 3900 Vel
661 3837 766 3900 etiam
794 3837 886 3918 quod
908 3838 1082 3919 sequitur3
1112 3840 1227 3918 Scitis,
1251 3841 1304 3904 in·

352 3939 439 4019 quit,
470 3958 547 4020 quae
576 3944 752 4020 praecepta
785 3935 936 4000 dederim
967 3939 1078 4005 vobis.
1130 3939 1221 4004 Haec
1251 3949 1305 4006 est

386 4176 552 4296 ⁷1⁷Ephesios]
580 4181 675 4244 Ephes.
702 4181 737 4230 iv.
765 4184 813 4241 173
876 4177 894 4207 ²¹
914 4180 1262 4246 Thecaalouiccrrsea]lThes.
1274 4183 1303 4235 ii.

350 4262 376 4298 v.
422 4284 429 4299 .
841 4251 919 4313 5;iv.
932 4255 957 4315 2,
968 4256 993 4303 3.
