3014 5046
344 466 386 529 20
654 483 825 529 nrsrcnrn
849 481 979 527 eruum.

269 674 272 679 ·
347 658 475 719 magna
512 638 698 703 comitante
735 639 922 702 satellitum
956 644 1115 712 caterva,
1157 635 1297 718 insuper

348 739 453 800 etiam
476 738 692 818 imperatoris
717 739 922 819 insignibus
946 756 1025 818 quae
1053 755 1117 799 nec
1136 735 1300 799 decenter

348 856 495 918 usquam
519 837 637 917 gessit,
662 856 726 900 nec
750 838 914 918 legitime,
939 836 999 898 sed
1024 836 1093 898 ritu
1116 834 1299 917 tyrannico

350 944 385 999 et
399 935 633 999 tumultuante
646 937 821 1000 initiatum
835 937 956 1012 milite,
972 935 1166 998 Maximum
1180 933 1298 997 mittit.

352 1034 434 1112 Qui,
457 1034 582 1098 callida
610 1037 757 1116 primum
787 1042 861 1099 arte
889 1036 1132 1117 potiusquam
1157 1032 1299 1109 virtute,
1328 1052 1344 1096 a

351 1134 516 1197 finitimos
539 1154 693 1215 quosque
723 1155 845 1218 pagos,
868 1134 924 1199 vel
946 1133 1154 1217 provincias,
1177 1138 1300 1195 contra

353 1233 551 1297 Romanum
572 1240 713 1310 statum,
732 1254 795 1317 per
809 1235 896 1299 retia
907 1233 1050 1316 perjurii
1063 1231 1300 1312 mendaciique

353 1332 418 1408 sui,
438 1331 632 1395 facinoroso
653 1353 760 1414 regno
780 1333 979 1410 adnectens,
998 1339 1033 1395 et
1046 1351 1152 1394 unam
1168 1330 1300 1392 alarum

354 1430 398 1494 ad
430 1430 651 1512 Hispaniam,
682 1433 826 1496 alteram
853 1431 899 1495 ad
929 1431 1068 1495 Italiam
1099 1429 1301 1506 extendens,

355 1538 390 1594 et
419 1529 581 1593 thronum
611 1532 817 1613 iniquissimi
845 1531 979 1614 imperii
1008 1530 1100 1614 apud
1130 1528 1302 1593 Treveros
1314 1546 1347 1592 ιο

355 1636 524 1706 statuenS,
548 1637 648 1694 tanta
670 1631 807 1693 insania
830 1631 866 1693 in
889 1630 1046 1694 dominos
1071 1627 1303 1693 debacchatus

357 1737 422 1804 est,
447 1735 487 1791 ut
506 1728 592 1792 duos
611 1731 835 1811 imperatores
854 1729 1040 1810 legitimos,
1055 1748 1162 1792 unum
1176 1727 1303 1804 Roma,

357 1828 463 1891 alium
486 1828 744 1908 religiosissima
760 1830 834 1892 vita
853 1828 1044 1910 repelleret.
1096 1828 1173 1891 Nec
1196 1844 1303 1902 mora,

357 1933 429 1990 tam
449 1925 617 1991 fertilibus
638 1927 789 1992 vallatus
809 1928 975 2005 audaciis,
997 1926 1088 2009 apud
1108 1925 1305 2008 Aquileiam

357 2026 475 2088 urbem
491 2027 611 2107 ¹capite
635 2026 783 2090 nefando
807 2027 961 2103 caeditur,
985 2027 1045 2107 qui
1067 2025 1229 2089 decorata
1251 2031 1305 2088 to·
1318 2042 1349 2088 1⁵

358 2124 426 2188 tius
455 2124 547 2186 orbis
577 2126 693 2205 capita
717 2125 815 2206 regni
840 2124 1091 2205 quodammodo
1116 2124 1305 2189 cervicibus

357 2223 540 2305 dejecerat.

193 2320 346 2411 Jffggffigfd
411 2322 428 2404 ξ
444 2322 498 2385 14.
523 2322 616 2385 Exin
639 2323 833 2399 Britannia,
849 2324 942 2387 omni
957 2330 1090 2387 armato
1107 2321 1228 2400 milite,
1241 2323 1306 2385 mi·

196 2422 260 2461 ¹¹⁰³·
357 2420 583 2503 litaribusque
617 2423 736 2504 copiis,
766 2424 954 2487 rectoribus
982 2422 1152 2505 linquitur
1184 2423 1306 2485 imma·

358 2521 471 2597 nibus,
492 2521 626 2602 ingenti
644 2522 829 2605 juventute
855 2524 1016 2604 spoliata,
1043 2542 1122 2605 quae
1142 2523 1352 2586 comitatam

357 2620 514 2702 vestigiis
534 2622 722 2705 supradicti
746 2623 887 2704 tyranni
908 2623 1046 2686 domum
1063 2641 1239 2705 nunquam
1252 2619 1306 2683 ul-

358 2726 414 2784 tra
442 2721 555 2798 rediit,
584 2729 619 2785 et
657 2721 768 2785 omnis
797 2721 879 2784 belli
909 2741 975 2785 usu
1004 2722 1128 2804 ignara
1156 2721 1306 2805 penituS,

393 3043 404 3075 1
433 3046 612 3110 Imperatoria]
640 3047 822 3108 Imperatoriis,
883 3044 902 3073 11
932 3048 1039 3110 Capita]
1068 3049 1171 3098 Occidit
1201 3066 1310 3114 namque

364 3115 405 3175 V,
417 3116 481 3165 Ush.
494 3116 620 3165 Primord.
630 3132 655 3177 p.
668 3121 724 3165 198.
848 3115 1008 3178 Gratianum,
1024 3119 1229 3173 Valentinianum
1251 3137 1311 3171 vero

395 3182 497 3247 ¹Nee.]
516 3186 584 3246 Non,
597 3187 638 3245 V.,
650 3186 714 3234 Ush.
726 3201 752 3246 p.
765 3189 821 3239 198.
848 3200 905 3234 cum
927 3190 1006 3234 matre
1033 3188 1114 3236 Roma
1141 3190 1249 3252 expulit,
1276 3190 1310 3242 A.

396 3251 407 3282 1
426 3255 576 3317 initiatum]
604 3255 766 3316 Ordinatum,
788 3254 821 3304 A.
847 3270 926 3316 marg.

360 3324 435 3384 gloss.
884 3321 904 3352 11
921 3324 1054 3386 Nefanda]
1072 3326 1200 3389 Nefanda,
1216 3328 1246 3379 V.

397 3390 407 3419 ⁴
424 3392 530 3456 Milite]
548 3395 667 3455 Militem,
674 3395 723 3454 B.;
734 3408 779 3443 ern.
792 3395 822 3443 V.
884 3390 905 3422 ¹⁶
921 3394 1025 3456 Regni]
1042 3395 1139 3458 Regno,
1155 3396 1185 3445 V.

399 3460 585 3526 ⁴Maximum.]
603 3464 687 3513 Usher
709 3462 755 3512 has
773 3464 823 3511 col·
884 3460 904 3492 ¹⁶
922 3463 1084 3527 Cerealem]
1104 3466 1160 3515 Om.
1172 3467 1207 3516 Β.
1224 3467 1254 3516 V.
1266 3469 1295 3517 J.

363 3533 445 3581 lected
452 3534 528 3581 much
540 3534 697 3582 information
706 3548 823 3581 concern·
885 3530 905 3562 ¹⁸
921 3533 1012 3595 Exin]
1030 3533 1077 3582 See
1090 3535 1171 3597 Beda,
1181 3536 1244 3598 §28,
1251 3537 1310 3586 who

363 3602 409 3704 ing⁷
416 3603 555 3733 llll'axipmlris,
567 3603 800 3721 Primiid'vp'nws'
848 3601 913 3719 hpqh
915 3602 987 3683 there
1002 3605 1158 3653 transcribed
1177 3620 1193 3653 a
1211 3607 1310 3667 portien

451 3686 487 3720 er.
544 3687 759 3721 om
849 3685 1062 3721 orsase.

398 3736 408 3768 ⁷
425 3707 688 3802 Penuriaslmperii,
700 3741 734 3789 B.
885 3738 905 3767 ¹⁸
915 3686 1136 3806 Militffiunqua]
1144 3742 1311 3808 militaribus,

398 3805 417 3837 ¹¹
434 3809 572 3871 Dammae]
589 3810 694 3870 Demos,
710 3811 740 3859 V.
853 3811 883 3859 V.

398 3874 418 3906 11
434 3878 524 3941 Daca]
555 3879 629 3927 Duos
661 3881 823 3940 imperatores
885 3876 904 3909 11
923 3879 1028 3942 Capita]
1045 3879 1227 3944 Copiisaqd.

362 3962 441 3996 unum
452 3962 538 4009 regno,
555 3950 661 3997 alterum
671 3950 733 4010 vita,
744 3964 823 4010 expu-
884 3947 905 4048 Ξ
921 3950 1075 4012 Linquitur]
1092 3951 1173 4012 Licet,
1187 3951 1222 4001 Β.
1238 3951 1268 4000 V.
1280 3952 1310 4000 J.

362 4017 776 4151 ¹¹‘’12¹l1..?.·.l¹.3{3l2¹2l3.·..,a
793 4087 823 4136 v.
885 4084 904 4117 .
924 4018 1208 4152 italides,
1224 4090 1254 4139 v.

884 4154 905 4186 11
924 4157 1031 4220 Omnis]
1049 4158 1135 4220 Omni,
1145 4160 1180 4208 B.
1197 4182 1202 4189 ’

361 4154 417 4251 11111
429 4223 585 4287 Fertilitas]
603 4227 745 4288 Feralibus,
757 4227 791 4276 Β.
816 4298 817 4302 Ἰ
885 4224 905 4258 11
926 4227 999 4289 Usu]
1018 4227 1196 4290 B.;usus,A.
