3014 5046
251 1224 388 1272 INCIPIT
423 1224 530 1271 LIBER
555 1225 752 1284 QUERULUS
785 1226 914 1274 SANGTI
942 1227 1060 1275 GILDAE
1091 1227 1152 1274 SA·

200 1341 342 1388 PIENTIS
366 1342 413 1387 DE
437 1341 589 1388 EXCIDIO
619 1342 844 1404 BRITANNIAE,
868 1344 915 1389 DE
949 1344 1153 1392 OALAMITA·

199 1457 305 1505 TIBUS
329 1459 373 1504 ET
397 1457 790 1507 PRAEVARIOATIONIBUS
820 1460 906 1508 EIUS
934 1461 1078 1521 CIVIUM,
1107 1459 1154 1506 DE

201 1573 457 1621 EXSULATIONE
475 1575 680 1635 BRITONUM,
704 1576 747 1621 ET
770 1576 883 1624 DURIS
903 1575 1154 1623 OPPRESSIONI·

202 1690 269 1738 BUS
304 1691 443 1752 EORUM,
468 1692 512 1736 ET
536 1691 639 1750 QUAM
665 1691 801 1738 DOLOSE
825 1692 968 1739 ROMANI
996 1693 1059 1740 EOS
1084 1692 1153 1739 SIBI

202 1806 443 1866 SUBEGERINT,
468 1807 512 1851 ΕΤ
536 1807 640 1865 QUAM
674 1806 867 1853 BELLICOSE
890 1808 980 1855 IPSIS
1004 1807 1155 1855 DIUTIUS

203 1922 468 1969 RESTITERINT:
505 1924 548 1969 ΕΤ
581 1924 755 1982 QUOMODO
789 1923 932 1970 ROMANI
967 1923 1155 1971 POSTREMO

203 2039 259 2086 EIS
293 2038 517 2086 PRAEPOSITOS
541 2039 762 2086 VECTIGALES
795 2039 1067 2100 PRAEFECERINT,
1094 2041 1156 2088 ITA

204 2157 252 2204 UT
275 2155 349 2202 NON
374 2156 577 2205 BRITANNIA
601 2157 667 2203 SED
700 2156 856 2204 ROMANA
884 2156 1018 2204 INSULA
1045 2157 1155 2203 VOCA-

204 2272 341 2333 RETUR,
374 2273 419 2318 ET
456 2250 568 2320 OMNIS
602 2273 751 2320 MONETA
775 2273 881 2334 AURI,
907 2272 1080 2334 ARGENTI,
1113 2275 1157 2320 ΕΤ

204 2387 296 2434 AERIS
325 2388 481 2434 IMAGINE
504 2388 664 2436 OAESARIS
693 2388 929 2448 NOTARETUR,
962 2389 1035 2447 QUO
1065 2389 1157 2435 TEM-

205 2501 297 2549 PORE
320 2502 500 2549 CHRISTUS
524 2502 564 2549 IN
588 2503 752 2550 MUNDUM
777 2502 948 2562 VENERIT,
973 2504 1017 2549 ET
1038 2504 1157 2562 QUAN-

204 2620 251 2666 ΤΑ
275 2618 499 2665 PERSEOUTIO
534 2618 703 2664 TEMPORE
728 2617 963 2664 DIOGLETIANI
997 2620 1157 2667 EMERSE·

206 2736 281 2794 RIT,
317 2734 497 2792 QUANTUM
531 2733 744 2780 MARTYRUM
779 2733 914 2780 GLORIA
949 2733 1046 2781 TUNO
1079 2734 1158 2782 BRI·

205 2851 346 2899 TANNIA
379 2852 644 2912 EEELORUERIT,
678 2851 864 2910 QUALITER
907 2849 998 2898 GENS
1033 2851 1159 2900 ERITO-

204 2969 285 3017 NUM
311 2968 566 3015 IMPERATORES
591 2967 762 3015 ROMANOS
786 2967 1023 3015 A'I'TRIVERIT.

241 3235 382 3362 ῙΙκεΙῖξὲἡ]
412 3243 473 3291 This
496 3243 550 3291 title
573 3244 595 3291 is
618 3243 730 3304 prefixed
754 3258 783 3291 as
808 3258 824 3291 a
847 3243 942 3291 Rubrio
966 3247 991 3290 to
1017 3242 1059 3291 the
1085 3243 1159 3292 Cam·

205 3317 293 3377 bridge
356 3349 362 3361 .
