3014 5046
357 457 402 523 78
669 467 841 544 umsronn
864 465 994 514 cinna.

359 634 608 709 cornutamque
621 625 745 691 faciem
759 633 903 709 aspectu
919 623 1105 688 incredulis
1127 623 1317 689 inhabilem

361 737 397 795 et
410 728 616 794 horrendam
631 728 764 809 tropico
787 745 904 804 sensu,
918 732 958 789 ut
973 725 1128 808 Moyses,
1144 726 1314 790 advexitl

362 830 452 908 Quis
474 848 592 893 eorum
608 847 671 911 pro
692 829 844 910 peccatis
866 826 985 910 populi
1008 845 1158 889 exorans
1180 826 1250 891 imo
1272 826 1316 890 de

362 936 502 1014 pectore
516 928 691 1005 clamavit,
707 935 747 993 ut
768 927 855 1011 ipse,
872 926 1033 1003 Domine,
1048 927 1220 1008 inquiens,
1235 946 1316 1010 pec-

363 1031 459 1095 cavit
482 1029 631 1113 populus
656 1029 723 1092 iste
742 1034 923 1112 peccatum
937 1027 1081 1108 grande,
1097 1028 1189 1109 quod
1212 1027 1242 1090 si
1264 1026 1316 1090 di·
1345 1039 1361 1083 δ

364 1131 474 1195 mittis
489 1131 551 1207 eis,
566 1128 721 1207 dimitte3
746 1127 899 1210 alioquin
915 1127 1059 1190 deleme
1074 1127 1117 1190 de
1130 1127 1218 1190 libro
1233 1128 1317 1191 tuol

417 1230 511 1312 §70.
536 1228 625 1307 Quis
648 1229 722 1293 zelo
747 1229 815 1293 Dei
837 1246 1002 1292 accensus
1025 1227 1174 1291 mirabili
1197 1227 1242 1291 ad
1264 1226 1318 1311 ul·

366 1331 496 1395 tionem
508 1329 745 1394 fornicationis
760 1330 834 1392 siue
848 1328 1015 1393 dilatione
1033 1328 1189 1393 sanando
1205 1327 1319 1410 poeni·

366 1431 485 1496 tentiae
498 1429 724 1493 medicamine
746 1429 859 1512 stupri
873 1428 1044 1506 affectum,
1059 1429 1169 1493 neira
1189 1428 1320 1512 populo

366 1530 610 1608 inardesceret,
635 1530 727 1594 sicut
740 1528 890 1593 Phinees
912 1529 1085 1606 sacerdos,
1107 1536 1147 1594 ut
1170 1549 1233 1612 per
1254 1527 1366 1592 hocro

366 1631 404 1694 in
428 1650 504 1696 oevo
527 1636 747 1713 reputaretur
768 1630 819 1693 illi
837 1629 988 1714 justitia,
1015 1636 1155 1694 strenue
1177 1647 1320 1693 consur·

368 1731 484 1795 rexitl
538 1729 626 1810 Quis
645 1750 728 1796 vero
752 1750 871 1794 eorum
895 1731 951 1795 vel
973 1731 1010 1794 in
1032 1729 1321 1813 exstirpationem

368 1851 478 1914 nsque
500 1830 544 1895 ad
566 1832 835 1895 internecionem
857 1832 900 1895 de
921 1838 1014 1896 terra
1029 1830 1321 1913 Repromissionis
1419 1854 1424 1862 ·

369 1939 503 2013 septem
518 1932 673 2013 gentium
688 1931 812 1996 morali
836 1932 1078 2013 intelligentia,
1091 1930 1214 2018 velud
1238 1949 1322 1994 con·

370 2032 617 2097 stabilitionem
653 2031 842 2121 spiritualis
872 2031 984 2095 Israel
1011 2052 1075 2114 pro
1107 2033 1168 2109 eis,
1199 2030 1222 2095 J
1226 2050 1322 2096 esum
1336 2046 1367 2091 1⁵

373 2131 475 2196 Nave
504 2131 659 2195 imitatus
691 2135 767 2196 estl
830 2131 918 2209 Quis
950 2153 1069 2196 eorum
1099 2131 1228 2216 populo
1255 2130 1324 2196 Dei

372 2232 493 2295 finales
511 2232 676 2295 terminos
699 2237 796 2295 trans
812 2230 835 2295 J
838 2232 1014 2310 ordanem,
1028 2240 1068 2297 ut
1082 2233 1228 2296 sciretur
1242 2232 1325 2314 qnid

372 2332 496 2414 cuique
518 2331 622 2395 tribui
645 2331 842 2410 conveniat,
858 2333 948 2397 sicut
971 2333 1161 2416 supradicti
1175 2324 1325 2396 Phinees

373 2431 505 2497 scilicet
541 2439 576 2496 et
604 2430 627 2495 J
630 2451 709 2496 esus
746 2433 918 2516 sagaciter
954 2433 1112 2511 divisere,
1149 2431 1325 2497 ostenditl

375 2531 476 2612 Quis,
497 2539 537 2596 ut
558 2531 833 2599 adversariorum
852 2535 945 2618 plebi
960 2534 1028 2599 Dei
1043 2535 1225 2597 innumera
1244 2551 1326 2615 pro·
1338 2550 1372 2598 ro

374 2640 543 2698 sterneret
555 2635 710 2715 gentium
724 2635 845 2713 millia,
861 2636 999 2699 unicam
1014 2636 1131 2712 filiam,
1146 2653 1225 2717 quoe
1245 2652 1327 2716 pro·

374 2734 452 2817 pria
468 2734 629 2816 voluptas
643 2735 861 2817 intelligitur,
875 2736 1015 2800 imitans
1031 2743 1066 2800 et
1080 2737 1117 2799 in
1131 2735 1197 2799 hoc
1214 2732 1328 2817 Apos-

375 2834 485 2898 tolum
501 2833 683 2911 dicentem,
698 2834 782 2898 Non
791 2854 949 2916 quaerens
962 2837 1055 2917 quod
1069 2835 1153 2898 mihi
1165 2834 1250 2898 utile
1263 2840 1329 2911 est,

376 2935 437 2998 sed
451 2933 544 3014 quod
557 2934 687 3010 multiS,
702 2941 742 2997 ut
756 2935 845 2999 salvi
859 2935 1206 3011 fiant-obviantem
1220 2934 1331 2998 victo·

376 3034 471 3096 ribus
492 3051 571 3095 cum
592 3034 767 3115 tympanis
793 3042 828 3097 et
844 3034 969 3112 choris,
991 3035 1027 3098 id
1053 3040 1117 3111 est,
1133 3034 1375 3100 carnalibuser

377 3131 566 3208 desideriis,
591 3131 628 3193 in
656 3133 861 3197 sacrificium
882 3135 1010 3199 votivae
1041 3133 1260 3217 placationis,
1292 3141 1333 3198 ut

377 3231 400 3296 J
403 3231 518 3314 epthe,
533 3233 726 3296 mactavitl
779 3233 867 3311 Quis
891 3254 1008 3298 eorum
1023 3235 1067 3300 ad
1081 3234 1332 3312 conturbanda,

377 3331 543 3414 fuganda,
558 3333 811 3415 sternendaque
831 3337 1055 3419 superbarum
1078 3336 1234 3418 gentium
1256 3354 1333 3398 cas·

378 3441 435 3498 tra
455 3433 611 3520 mysterii
635 3434 830 3513 Trinitatis,
861 3442 901 3500 nt
928 3456 1035 3519 supra
1064 3436 1226 3514 diximus»,
1255 3450 1334 3499 cum

378 3534 522 3617 lagenas
538 3535 622 3599 viris
636 3536 834 3599 tenentibus
857 3538 1014 3619 egregias
1036 3538 1074 3602 in
1098 3538 1257 3601 manibus
1277 3555 1335 3601 so·
1349 3561 1381 3608 ao

379 3642 572 3717 nantesque
600 3636 714 3712 tubaS,
746 3637 781 3699 id
804 3644 858 3700 est
880 3638 1100 3721 propheticos
1130 3645 1165 3702 et
1194 3645 1335 3721 aposto-

380 3796 1340 3825 *κω-Ἢ

417 3909 427 3938 ⁴
439 3913 576 3978 inquiens]
596 3916 678 3966 Exod.
692 3919 775 3967 xxxii.
788 3922 811 3967 3.
908 3918 930 3952 ²⁰
941 3923 1132 3988 Prosterneret.]
1153 3928 1208 3975 Om.
1221 3926 1255 3976 Β.

416 3979 427 4012 ⁷
441 3981 528 4054 Quia]
546 3986 577 4037 V.
597 3987 656 4036 here
673 4003 763 4050 passes
778 4006 810 4039 on
823 3995 848 4040 to
909 3989 929 4020 ²³
941 3995 998 4042 Non
1009 3990 1139 4064 querens]
1158 4000 1171 4045 1
1187 3998 1247 4047 Cor.
1259 4013 1285 4047 x.
1297 4002 1339 4049 33.

383 4067 412 4114 p.
419 4059 465 4151 981,
476 4057 493 4106 l.
504 4060 547 4137 ,³¹⁰
566 4127 571 4138 .
910 4059 930 4089 ²⁸
941 4065 1063 4126 Fuguudo
1077 4102 1084 4117 .
1104 4101 1111 4116 .
1133 4102 1140 4116 .
1160 4068 1338 4133 superbarum]

384 4192 411 4240 B
440 4126 623 4190 Medusaeae]
652 4129 784 4179 Medicum
814 4136 849 4195 et,
875 4134 1049 4196 Fugandaque
1061 4139 1237 4202 superbarum,
1249 4140 1284 4188 Β.

910 4199 930 4230 ω
941 4202 1082 4276 Mysta·ii.]
1102 4208 1264 4275 Mysterium,
1277 4211 1311 4261 Β.

413 4226 440 4288 '¹⁸
453 4264 566 4330 Caieta]
585 4268 644 4331 eui,
656 4271 690 4320 Β.
