3014 5046
354 430 418 494 110
674 444 845 490 uuisioni.
869 443 998 489 einum.

356 604 418 680 ait,
440 602 582 684 Semper
604 602 788 677 discentes,
811 610 846 663 et
870 619 1045 681 nunquam
1068 600 1113 664 ad
1131 599 1312 665 scientiam

356 703 513 767 veritatis
526 702 777 785 pervenientes.
803 699 1102 778 Quemadmodum
1116 701 1208 765 enim
1223 700 1246 764 J
1249 719 1312 763 an·

356 821 418 866 nes
449 809 485 865 et
514 801 691 865 Mambres
719 801 922 864 restiterunt
950 799 1080 882 Moysi,
1108 801 1159 864 ita
1189 807 1225 864 et
1252 800 1313 863 isti

356 903 523 966 resistunt
551 901 708 979 veritati3
738 900 893 963 homines
917 901 1071 981 corrupti
1098 906 1226 978 mente,
1256 919 1310 964 re-

356 1002 456 1084 probi
477 1002 569 1065 circa
590 1000 704 1077 fidem,
727 1000 787 1064 sed
810 1000 903 1063 ultra
917 1020 987 1063 non
1005 1000 1197 1082 proficient.
1249 999 1311 1062 In-
1340 1019 1356 1063 r

357 1103 519 1184 sipientia
551 1102 642 1166 enim
675 1121 792 1165 eorum
828 1100 1014 1165 manifesta
1048 1101 1114 1164 erit
1153 1099 1311 1164 omnibus

240 1253 243 1257 .
358 1203 448 1265 sicut
461 1208 496 1264 et
507 1202 645 1265 illorum
661 1200 738 1263 fuit.
1195 1269 1199 1275 ,

194 1286 341 1360 narrans
409 1301 516 1382 §loa
541 1301 679 1364 Etenim
707 1297 884 1363 evidenter
916 1299 1068 1363 ostendit
1097 1299 1246 1381 qualiter
1273 1318 1311 1362 se

357 1399 545 1464 exhibeant
571 1420 635 1463 suo
665 1398 776 1463 officio
803 1398 1011 1477 sacerdotes,
1041 1400 1091 1464 ita
1119 1399 1164 1464 ad
1192 1399 1312 1463 Titum

357 1501 523 1576 scribens,
553 1500 605 1563 Te
632 1500 746 1581 ipsum
775 1499 891 1582 praebe
921 1500 1117 1583 exemplum
1143 1500 1312 1563 bonorum
1326 1517 1359 1565 ιο

357 1620 512 1681 operum,
534 1600 570 1663 in
592 1598 762 1676 doctrina,
784 1600 821 1662 in
838 1598 1052 1680 integritate,
1073 1600 1110 1663 in
1126 1599 1312 1680 gravitate,

358 1701 501 1763 verbum
518 1718 640 1762 sanum
655 1700 797 1776 habenS,
819 1698 1129 1781 irreprehensibile,
1152 1706 1193 1764 ut
1207 1699 1238 1762 is
1253 1699 1313 1782 qui

359 1819 405 1862 ex
426 1799 572 1863 adverso
596 1807 649 1863 est
671 1807 842 1875 vereatur,
864 1799 997 1862 nullum
1025 1799 1155 1863 malum
1181 1798 1313 1863 habens

359 1900 471 1963 dicere
493 1899 536 1963 de
558 1901 668 1964 nobis
721 1900 768 1963 Et
781 1900 906 1963 iterum
928 1900 973 1963 ad
987 1898 1220 1977 Timotheum,
1244 1898 1314 1963 La-

357 2000 455 2077 bora,
487 2001 612 2082 inquit,
646 2001 736 2062 sicut
769 2001 880 2063 bonus
915 2000 1013 2062 miles
1049 1998 1179 2063 Christi
1213 1998 1236 2062 J
1239 2017 1312 2062 esu.
1327 2012 1358 2058 rs

360 2099 474 2162 Nemo
501 2100 654 2162 militans
683 2100 760 2163 Deo
786 2099 940 2181 implicat
970 2119 1008 2162 se
1037 2099 1185 2181 negotiis
1214 2117 1313 2162 secu-

359 2199 502 2275 laribuS,
532 2206 572 2262 ut
598 2200 736 2279 placeat
762 2199 806 2275 ei,
834 2199 890 2260 cui
913 2218 951 2261 se
981 2199 1152 2282 probavit.
1219 2198 1314 2263 Nam

360 2304 395 2360 et
423 2297 482 2378 qui
510 2297 687 2361 contendit
715 2298 752 2360 in
781 2291 894 2379 agone
922 2318 993 2362 non
1021 2304 1218 2375 coronatur,
1247 2299 1315 2362 uisi

358 2397 511 2477 legitime
534 2399 728 2462 certaverit.
783 2397 875 2461 Haec
899 2397 1037 2480 quidem
1062 2400 1229 2462 bonorum
1251 2398 1314 2462 ad·

360 2495 524 2560 hortatio.
578 2496 681 2575 Quod
717 2517 801 2561 vero
837 2499 919 2561 item
946 2498 1215 2580 comprehendit,
1239 2511 1360 2562 ma-ao

358 2596 470 2660 lorum
496 2597 685 2674 homiuum,
708 2604 749 2661 ut
777 2617 837 2662 vos
863 2599 1058 2681 quibusque
1087 2599 1314 2680 intelligenti·

360 2697 424 2759 bus
439 2699 627 2779 apparetis,
640 2697 858 2761 denuntiatio
873 2705 937 2761 est.
989 2699 1027 2762 Si
1038 2700 1127 2780 quie,
1141 2699 1314 2780 inquiens,

360 2797 461 2859 aliter
482 2797 594 2873 docet,
618 2804 653 2860 ot
675 2817 746 2860 non
769 2798 958 2880 acquiescit
979 2799 1193 2863 sermonibus
1219 2799 1314 2861 sanis

361 2895 503 2959 Domini
525 2897 635 2960 nostri
657 2896 680 2960 J
683 2917 744 2961 esu
760 2896 902 2973 Christi,
924 2903 960 2959 et
979 2899 1011 2961 ei
1025 2918 1104 2980 quae
1127 2897 1315 2962 secundum

359 2996 523 3077 pietatem
546 3004 599 3060 est
620 2996 787 3061 doctrinae
810 2998 978 3079 superbus
1000 3004 1065 3075 est,
1080 2999 1167 3061 nihil
1189 2999 1314 3076 selena,
1327 3007 1360 3052 ²⁵

360 3095 420 3157 sed
458 3095 686 3176 languescens
728 3115 812 3177 erga
848 3096 1068 3176 quaestiones
1107 3105 1142 3161 et
1178 3117 1315 3181 pugnas

361 3196 554 3272 verborum,
585 3216 630 3259 ex
658 3196 782 3279 quibus
811 3195 969 3258 oriuntur
993 3196 1145 3274 invidiae,
1171 3205 1317 3263 conten-

361 3294 484 3371 tioneS,
517 3296 752 3379 blasphemiae,
786 3295 999 3378 suspiciones
1032 3297 1146 3374 malae,
1174 3298 1319 3361 condic·-

360 3395 510 3458 tationes
538 3396 714 3460 hominum
742 3404 858 3459 mente
886 3404 1137 3478 corruptorum,
1167 3399 1227 3480 qui
1254 3418 1314 3462 ve-

360 3496 463 3559 ritate
484 3497 613 3577 privati
635 3504 729 3575 sunt,
750 3496 1020 3561 existimantium
1045 3505 1217 3579 quaestum
1240 3514 1361 3562 esseae

360 3596 536 3676 pietatem.

198 3706 301 3754 Penates
413 3695 429 3776 §
445 3695 520 3757 106.
544 3694 612 3757 Sed
627 3693 709 3774 quid
721 3695 868 3775 sparsim
877 3695 1000 3775 positis
1015 3693 1162 3776 amplius
1177 3702 1317 3760 utentes

199 3756 326 3844 llllhtlthn
361 3793 567 3856 testimoniis
585 3811 748 3855 sensuum
771 3812 812 3857 ac
834 3794 1047 3858 diversorum
1071 3794 1172 3858 undis
1196 3797 1232 3859 in
1256 3796 1315 3860 de·

198 3856 291 3895 Satrico.

397 4066 407 4097 ⁹
425 4068 530 4131 Titum]
542 4068 593 4115 Tit.
606 4068 633 4116 ii.
647 4072 672 4116 7.
887 4064 908 4096 ²⁰
927 4069 997 4123 Quod
1019 4083 1074 4117 vero
1098 4104 1156 4122 ...
1177 4069 1315 4134 pietatem]

396 4135 416 4166 ¹⁴
434 4137 604 4200 Tinwtheum.]
628 4142 643 4186 2
662 4138 727 4186 Tim.
747 4137 775 4186 ii.
795 4141 826 4196 ὃς
855 4139 911 4186 Om.
929 4138 959 4186 V,

362 4207 452 4255 lTim.
465 4209 499 4256 vi.
513 4212 537 4256 3.
887 4205 908 4234 ³³
928 4207 1030 4270 Uadis]
1046 4209 1194 4271 V.;modis,
1208 4211 1240 4260 B.
