3014 5046
610 444 779 500 mrsvom
805 452 934 500 ornus.
1207 439 1252 501 95

297 611 470 695 operibus,
490 630 625 694 semper
637 619 857 695 peecatorum
881 610 1076 675 reverentia
1095 611 1252 675 exoritur

297 731 458 776 reverens
484 730 507 775 a
527 720 632 788 terra,
654 720 690 776 et
712 713 772 795 qui
794 712 947 793 corrigat
968 712 1060 775 inter
1081 711 1250 789 homines,

297 832 367 877 non
391 819 455 876 est.
508 810 639 875 Omnes
661 813 699 875 in
726 811 930 894 sanguinem
948 811 1080 895 judicio
1107 819 1250 877 conten·

296 913 396 989 dunt,
423 917 460 975 et
487 912 723 994 unusquisque
749 912 946 994 proximum
975 929 1075 973 suurn
1105 912 1249 976 tribula·

267 1026 283 1070 ⁶
298 1013 392 1078 tione
408 1011 563 1088 tribulat,
578 1011 616 1074 in
631 1011 762 1074 malum
776 1030 899 1074 manus
915 1028 997 1074 suas
1012 1019 1200 1093 praeparat.

349 1110 433 1194 §82
457 1110 551 1189 Quid
574 1110 768 1193 Sophonias
783 1112 888 1176 etiam
901 1109 1071 1193 propheta
1090 1112 1250 1192 egregius
1263 1132 1394 1182 zephanus,

298 1211 341 1276 de
366 1211 492 1276 vestris
520 1210 603 1276 olim
631 1212 881 1275 comessoribus
914 1210 1162 1293 disceptaverit
1196 1220 1251 1275 at·

297 1311 441 1388 tendite,
466 1311 509 1376 de
528 1311 724 1375 Jerusalem
751 1331 900 1394 namque
926 1310 1145 1393 loquebatur,
1172 1331 1251 1393 quae

297 1411 524 1494 spiritualiter
545 1409 703 1475 Ecclesia
725 1411 780 1477 vel
801 1409 932 1475 Anima
951 1410 1170 1492 intelligitur,
1194 1411 1224 1475 0
1241 1413 1249 1477 l

254 1523 286 1569 ro
297 1511 470 1594 inquiens,
485 1529 564 1594 quae
589 1518 664 1577 erat
685 1511 866 1594 splendida
888 1518 923 1575 et
946 1509 1094 1576 liberata
1115 1511 1251 1588 civitas,

298 1611 475 1677 confidens
512 1610 682 1688 columba,
713 1631 783 1676 non
819 1609 998 1676 obaudivit
1022 1630 1155 1687 vocem,
1186 1631 1251 1674 nec

297 1712 452 1795 percepit
469 1711 698 1794 disciplinam,
712 1711 749 1774 in
765 1711 916 1775 Domino
939 1730 1009 1773 non
1032 1711 1163 1775 confisa
1185 1718 1250 1787 est,

298 1811 401 1877 etad
423 1812 538 1876 Deum
567 1831 668 1875 suum
690 1831 760 1874 non
788 1810 945 1875 accessit.
998 1810 1046 1875 Et
1070 1810 1105 1873 id
1131 1829 1250 1891 quaro,

298 1911 461 1976 ostendit.
514 1911 694 1994 Principes
708 1911 784 1996 ejus
800 1911 890 1976 sicut
912 1911 966 1974 leo
989 1910 1179 1992 rugientes,
1191 1909 1250 1993 ju-

254 2021 285 2070 ιε
298 2010 391 2075 dices
404 2011 495 2077 sicut
508 2010 582 2093 lupi
590 2009 732 2075 Arabiae
749 2031 819 2076 non
833 2010 1075 2092 relinquebant
1085 2010 1121 2073 in
1136 2028 1250 2086 mane,

298 2111 477 2194 prophetae
506 2110 581 2195 ejus
610 2112 769 2193 spiritum
799 2117 979 2194 portantes
1005 2108 1072 2174 viri
1096 2117 1250 2173 contem·

299 2212 396 2290 toris,
425 2212 622 2275 sacerdotes
650 2211 725 2295 ejus
754 2210 1021 2294 prophanabant
1049 2217 1183 2286 sancta,
1215 2217 1251 2274 et

297 2310 401 2395 impie
415 2313 567 2394 agebant
579 2312 616 2375 in
629 2310 727 2393 lege3
751 2312 923 2376 Dominus
947 2316 1063 2373 autem
1072 2310 1191 2394 justus
1213 2310 1250 2372 in

298 2412 410 2476 medio
429 2412 517 2497 ejus,
539 2417 575 2474 et
600 2431 671 2474 non
694 2410 798 2476 faciet
819 2411 988 2495 injustum
1012 2429 1126 2486 mane,
1148 2429 1250 2474 mane

254 2522 286 2569 ²⁰
299 2512 395 2575 dabit
404 2511 574 2596 judicium
587 2529 699 2573 suum.

350 2611 368 2693 ᾖ
391 2610 445 2674 88.
480 2609 548 2674 Sed
578 2616 613 2673 et
640 2610 779 2672 beatum
810 2608 1017 2672 Zachariam
1042 2607 1249 2689 prophetam
1263 2629 1385 2678 wasers,

263 2757 265 2761 ν
298 2716 495 2774 monentem
518 2728 581 2772 vos
602 2708 640 2771 in
654 2709 759 2772 verbo
774 2707 842 2772 Dei
862 2708 991 2772 audite.
1044 2706 1134 2770 Haec
1158 2707 1250 2770 enim

299 2810 383 2874 dicit
396 2809 567 2873 Dominus
589 2808 831 2890 omnipotens3
850 2807 1020 2892 judicium
1037 2806 1173 2890 justum
1190 2807 1250 2890 ju·

298 2910 424 2987 dicate,
450 2916 485 2973 et
509 2908 777 2973 misericordiam
805 2914 841 2972 et
869 2908 1124 2972 miserationem
1146 2906 1250 2971 facite

254 3027 286 3072 at
300 3010 537 3092 unusquisque
566 3009 610 3073 ad
637 3008 779 3073 fratrem
809 3028 932 3088 suum;
967 3016 1002 3073 et
1029 3007 1181 3083 viduam,
1214 3016 1251 3072 et

300 3110 504 3193 orphanum,
526 3117 561 3174 et
584 3109 767 3186 advenam,
782 3116 818 3173 ct
837 3128 1035 3192 pauperem,
1050 3126 1113 3189 per
1126 3114 1250 3189 poten-

300 3210 384 3275 tiam
407 3209 514 3274 nolite
531 3229 666 3285 nocero,
683 3215 719 3272 et
739 3208 907 3274 malitiam
929 3207 1166 3290 unusquisque
1180 3206 1250 3270 lra-

300 3309 363 3374 tris
389 3310 443 3371 sui
468 3327 538 3371 non
558 3309 798 3371 reminiscatur
818 3309 854 3370 in
877 3308 979 3371 corde
1001 3327 1086 3385 suo;
1111 3314 1147 3370 et
1167 3326 1249 3370 con-

299 3417 454 3473 tumaces
468 3405 609 3470 fuerunt
626 3425 669 3469 ne
692 3407 928 3482 observarent,
941 3413 977 3468 et
990 3405 1158 3469 dederunt
1171 3406 1249 3469 dor-

255 3525 287 3570 so
300 3528 376 3572 sum
391 3507 561 3583 stultitiae,
577 3514 612 3571 et
625 3524 726 3569 aures
741 3523 823 3568 suas
835 3503 1114 3586 degravaverunt
1127 3511 1166 3566 ut
1179 3523 1250 3568 non

300 3609 470 3685 audirent,
493 3614 528 3671 et
551 3625 611 3670 cor
634 3625 735 3671 suum
758 3611 956 3669 statuerunt
976 3603 1182 3667 insuadibile
1207 3624 1250 3668 ne

300 3709 460 3772 audirent
477 3707 590 3789 legem
616 3725 728 3769 meam
754 3712 790 3769 et
813 3707 930 3782 verba,
956 3705 1034 3787 quae
1057 3703 1153 3768 misit
1176 3704 1250 3767 Do·

300 3809 413 3873 minus
433 3809 651 3890 omnipotens
667 3807 704 3870 in
719 3805 852 3887 Spiritu
866 3825 930 3870 suo
944 3805 981 3869 in
995 3806 1154 3868 manibus
1169 3824 1250 3886 pro·

335 4105 512 4170 ⁶Soplronias.]
530 4106 567 4154 iii.
581 4109 605 4166 1,
616 4109 662 4155 etc.
821 4101 843 4134 ³³
852 4104 882 4151 lo
894 4103 984 4166 spiritu
998 4138 1004 4153 .
1018 4137 1025 4153 .
1040 4137 1046 4152 .
1059 4102 1174 4166 sanitas]
1195 4103 1250 4153 Om.

334 4175 352 4204 ²¹
366 4176 534 4238 Zachariam]
552 4176 596 4225 vii.
612 4180 637 4237 9,
655 4179 717 4235 etc.;
735 4189 761 4223 x.
792 4174 822 4223 V.
1045 4189 1048 4193 ’

299 4253 315 4297 2
325 4265 332 4308 ;
350 4248 386 4297 xi.
398 4251 422 4296 3.
