3014 5046
358 454 402 516 84
670 468 842 517 rrrsronn
865 468 996 516 orcum.

360 626 383 691 J
387 647 483 690 esum
498 625 673 690 Christum
687 645 820 691 merear
835 625 1003 708 adipisci!
1055 623 1149 702 Quid
1171 623 1216 686 ad
1238 622 1314 688 haec

362 727 627 791 dormitantibus
642 728 766 790 animae
780 725 889 790 oculis
903 725 1083 807 aspicitis?
1120 723 1213 801 Quid
1229 724 1315 789 talia

363 828 477 891 surdis
501 847 663 890 sensuum
687 827 827 890 auribus
847 825 1074 888 auscultatisi
1128 824 1314 900 Discudte,

364 946 495 1009 quaesO,
518 927 736 990 tenebrosam
758 933 938 1007 atramque
963 924 1205 987 cordisvestri
1230 924 1314 987 cali-

365 1029 480 1108 ginem
503 1026 678 1108 temporis,
700 1032 741 1088 ut
756 1025 913 1104 veritatis
928 1032 972 1087 et
997 1024 1202 1087 humilitatis
1224 1043 1314 1106 prae·
1344 1037 1359 1081 a

365 1126 535 1208 fulgidum
547 1126 663 1189 lumen
677 1125 792 1190 videre
807 1124 959 1206 possitis.
1013 1123 1230 1187 Christianus
1243 1142 1315 1188 non

366 1227 547 1289 mediocris
571 1226 631 1288 sed
655 1225 839 1307 perfectus
869 1224 1030 1287 sacerdos
1060 1242 1130 1287 non
1153 1223 1234 1290 vilis⁴
1253 1222 1315 1286 sed

366 1344 532 1402 summus,
545 1333 678 1406 martyr
690 1344 761 1387 uon
782 1325 899 1404 segnis
922 1325 982 1387 sed
1005 1325 1200 1406 praecipuus
1219 1322 1315 1400 dicit,

368 1425 472 1494 Nunc
492 1426 619 1506 incipio
643 1444 717 1487 esse
733 1422 864 1487 Christi
885 1423 1085 1506 discipulus.
1137 1423 1185 1487 Et
1199 1441 1262 1487 vos
1284 1423 1320 1485 si:

365 1524 424 1588 ille
436 1525 478 1587 de
501 1525 591 1588 coelo
614 1525 789 1607 projectus
804 1521 953 1600 Lucifer,
969 1525 1083 1588 verbis
1104 1542 1175 1587 non
1197 1529 1317 1605 potes«
1328 1531 1361 1593 1⁰,

366 1631 439 1688 tate
461 1626 642 1707 erigimini,
666 1632 702 1688 et
723 1624 974 1705 quodammodo
997 1625 1061 1687 sub
1087 1622 1190 1687 dente
1209 1623 1314 1686 rumi-

366 1725 458 1788 natis
483 1733 518 1788 et
542 1726 697 1806 gestibus
725 1724 952 1806 praetenditis,
979 1743 1057 1806 quae
1087 1729 1191 1787 antea
1217 1735 1316 1788 actor.

365 1833 481 1889 vester
495 1825 710 1907 depinxerat,
735 1824 779 1886 In
802 1824 941 1900 coelum,
957 1824 1128 1906 inquiens,
1149 1842 1321 1887 conscen-

366 1924 445 1988 dam
469 1933 586 1989 atero
615 1925 735 1988 similis
758 1922 951 1987 Altissimo.
1003 1924 1050 1987 Et
1077 1924 1213 2000 iterum,
1237 1923 1315 2005 Ego

365 2023 437 2088 sodi
461 2033 497 2089 et
519 2027 589 2089 bibi
605 2043 742 2106 aquarn,
768 2030 804 2088 et
825 2024 1000 2088 exsiccavi
1014 2024 1161 2105 vestigio
1188 2023 1315 2106 pedum
1327 2038 1359 2084 la

364 2144 518 2188 meorum
547 2144 665 2187 omnes
693 2125 787 2187 rivos
814 2142 991 2205 aggerum.
1045 2122 1160 2187 Multo
1187 2122 1315 2187 rectius
1362 2169 1364 2172 -

364 2225 547 2303 oportebat
560 2243 623 2287 vos
646 2224 774 2286 imitari
794 2223 893 2286 illum
915 2231 951 2288 et
974 2223 1104 2300 audire,
1127 2224 1186 2304 qui
1208 2224 1316 2287 totius

364 2322 528 2386 bonitatis
556 2329 591 2386 et
614 2323 817 2386 humilitatis
845 2343 925 2387 vere
948 2324 1115 2388 invictum
1138 2323 1316 2406 exemplar

364 2429 428 2496 est,
456 2422 625 2486 dicentem
650 2443 712 2505 per
740 2422 963 2504 Prophetam,
995 2423 1072 2505 Ego
1099 2431 1215 2487 autem
1237 2436 1314 2487 su'm

363 2522 488 2585 vermis
517 2530 552 2586 et
579 2542 649 2585 non
677 2523 791 2600 homo,
819 2524 1040 2605 opprobrium
1072 2523 1248 2587 hominum
1278 2530 1359 2587 etro

362 2622 511 2703 abjectio
550 2622 671 2704 plebis
723 2622 754 2685 0
792 2623 948 2686 mirabile
978 2623 1150 2705 quoddam
1181 2623 1314 2688 dixisse
1341 2662 1365 2672 --

363 2741 440 2784 eum
455 2724 676 2804 opprobrium
692 2723 879 2799 hominum,
899 2743 978 2786 cum
993 2725 1103 2788 omnis
1119 2722 1237 2786 mundi
1251 2742 1313 2805 op-

362 2822 501 2902 probria
521 2822 697 2886 deleverit.
744 2822 791 2886 Et
804 2823 928 2885 iterum
949 2823 984 2885 in
1000 2823 1205 2904 Evangelio,
1229 2821 1313 2887 Non

361 2940 502 3001 possum
517 2942 583 3002 ego
598 2942 620 2984 a
633 2942 687 2984 me
702 2922 778 3002 ipso
792 2920 905 2984 facere
926 2923 1121 3003 quicquam,
1137 2942 1215 2985 cum
1237 2923 1313 3005 ipse

361 3039 500 3084 coaevus
516 3021 615 3083 Patri
637 3040 678 3083 ac
701 3020 844 3102 Spiritui
860 3019 989 3084 Sancto
1006 3023 1196 3084 communis
1219 3021 1312 3104 ejus·
1324 3032 1360 3092 2⁵,

361 3120 506 3202 demque
531 3119 735 3182 substantia
760 3119 886 3181 coelum
906 3127 941 3182 et
964 3126 1102 3196 terram,
1117 3139 1195 3182 cum
1219 3123 1314 3186 omni
1357 3156 1365 3171 -‹

360 3239 478 3282 eorum
500 3219 732 3282 inaestimabili
755 3227 969 3296 ornamento,
983 3220 1113 3297 fecerit,
1131 3240 1201 3284 non
1224 3221 1313 3286 alte-

359 3319 431 3381 rius
468 3318 527 3381 sed
565 3319 706 3401 propria
735 3326 920 3401 potestate,
952 3327 987 3382 et
1018 3339 1081 3383 vos
1108 3327 1313 3402 arroganter

359 3420 465 3483 verba
482 3419 669 3496 exaltasse,
680 3418 858 3501 Propheta
871 3419 1018 3496 dicente,
1035 3420 1128 3498 Quid
1143 3422 1315 3502 superbit,

358 3524 501 3583 terrast
516 3520 628 3582 cinist
680 3519 748 3582 Sed
764 3520 808 3582 ad
819 3520 1034 3601 propositum
1050 3528 1214 3584 revertar.
1323 3538 1360 3590 ao,

197 3625 312 3675 Examnles
325 3627 350 3667 of
382 3619 462 3700 575.
474 3619 574 3697 Quis,
586 3619 739 3699 inquam,
749 3639 794 3681 ex
804 3619 913 3696 vobis,
923 3625 962 3682 ut
972 3620 1191 3702 Smyrnensis
1201 3620 1310 3683 eccle-

196 3674 302 3726 Polycarp,

357 3719 418 3780 siae
429 3719 712 3798 pastoregregius
725 3717 939 3799 Polycarpus
951 3718 1080 3783 Christi
1089 3720 1200 3796 testis,
1214 3740 1310 3783 men-

392 3908 412 3940 ¹³
423 3912 560 3977 Inquiens]
576 3913 647 3962 Esai.
659 3914 712 3966 xiv.
724 3917 766 3975 12,
778 3918 819 3976 la,
880 3912 902 3945 ³⁰
913 3910 1055 3984 Revertan]
1074 3916 1234 3977 Revertatur,
1246 3918 1280 3966 Β.

354 3987 386 4032 25
878 3982 899 4015 ⁸²
910 3986 1081 4049 Polycarpua]
1106 3986 1169 4034 This
1192 3986 1310 4036 informa-

390 4018 410 4080 ἦ
420 4053 588 4117 Prophetam.]
602 4054 698 4104 Psahn.
709 4055 764 4104 xxi.
776 4059 817 4105 11.
828 4074 832 4183 p
842 4054 895 4103 tion
913 4056 935 4103 is
958 4056 1080 4116 gethered
1102 4055 1166 4104 from
1187 4056 1230 4104 the
1254 4057 1309 4106 cir-

388 4120 409 4152 ⁹³
420 4120 567 4193 Democrit]
590 4125 620 4174 V.
636 4140 725 4186 pasces
741 4140 773 4173 on
791 4130 817 4173 to
842 4126 913 4173 cular
927 4126 1026 4186 Epistle
1046 4126 1075 4174 of
1094 4126 1137 4174 the
1161 4125 1264 4175 Chureh
1282 4127 1312 4176 of

352 4190 394 4240 the
401 4194 635 4254 words,‘Sedutad
641 4194 816 4257 propositum?
840 4195 947 4255 Smyrna
965 4196 1116 4257 conceming
1137 4195 1180 4244 the
1200 4200 1307 4257 martyr-

386 4259 407 4288 ²³
417 4263 573 4326 Evangelio]
589 4263 683 4313 Johan.
695 4281 719 4314 v.
728 4269 772 4316 ⁴2³20.
839 4266 896 4313 dom
909 4265 938 4314 of
946 4265 1084 4327 Polycarp,
1094 4265 1107 4327 ξ
1118 4266 1163 4316 vii.
1175 4266 1231 4317 xiii.
1243 4266 1317 4329 edit„

386 4327 407 4360 ²⁹
418 4331 562 4396 Propheta]
584 4334 654 4384 Eccl.
666 4350 692 4383 x.
705 4339 729 4384 9.
839 4334 931 4398 Smith,
943 4335 1026 4386 Oxou.
1039 4338 1114 4385 17⁰9.
