3014 5046
627 463 799 512 nrrsrona
822 465 951 513 crana.
1225 451 1270 515 69

309 608 346 679 in
368 617 543 682 memoria.
597 617 641 682 In
663 620 789 684 delicto
812 641 887 697 suo,
913 640 982 703 quo
1007 619 1148 698 excidit,
1174 629 1210 686 et
1230 620 1267 686 in

309 718 462 798 peccatis
479 719 562 794 suis,
575 721 700 800 quibus
714 721 885 803 peccavit,
895 722 1072 785 morietur.
1126 720 1172 785 Et
1185 728 1267 804 post

309 815 500 900 aliquanta,
524 819 571 882 Et
592 820 704 883 scient
725 840 845 883 omnes
867 828 1001 902 gentes,
1025 822 1266 904 quiapropter

308 924 453 996 peccata
478 937 543 981 sua
567 919 696 1001 captivi
715 920 811 983 ducti
833 928 916 983 sunt
930 920 1052 983 domus
1068 920 1199 1001 Israel;
1223 942 1264 985 co

277 1016 401 1098 equod
430 1018 644 1100 reliquerunt
672 1040 737 1083 mc.
790 1019 838 1082 Et
866 1021 977 1083 averti
1005 1020 1124 1084 saciem
1152 1040 1264 1084 meam

308 1119 352 1180 ab
367 1117 428 1194 eie,
452 1125 488 1181 et
510 1119 637 1182 tradidi
656 1139 715 1183 eos
736 1121 772 1183 in
794 1139 917 1183 manus
937 1121 1152 1184 inimicorum
1175 1122 1262 1205 ejus,

308 1223 343 1281 et
366 1237 484 1281 omnes
504 1218 620 1299 gladio
640 1220 847 1284 ceciderunt.
900 1220 1095 1285 Secundum
1115 1221 1262 1284 immun·

307 1316 414 1381 dicias
440 1337 534 1396 suas,
563 1327 599 1382 ct
628 1321 816 1383 secundnm
844 1320 1045 1402 iniquitates
1072 1340 1166 1397 suas,
1196 1321 1262 1385 feci

305 1416 386 1494 illis,
402 1426 437 1482 et
452 1420 563 1483 averti
577 1419 700 1483 faciem
715 1440 827 1484 meam
841 1422 885 1484 ab
901 1419 962 1485 eis'.

261 1531 292 1576 1⁰
322 1557 324 1560 >
358 1518 443 1601 §62
469 1518 559 1583 Haec
586 1520 628 1583 de
656 1529 855 1586 sanctorum
884 1521 1129 1604 prophetarum
1158 1521 1259 1584 minis
1269 1539 1374 1629 regesne.

306 1617 435 1682 dixisse
458 1618 618 1696 sufficiat,
637 1640 750 1702 pauca
771 1628 908 1684 tantum
933 1621 976 1684 de
996 1621 1175 1703 Sapientia
1196 1601 1372 1685 Samiiom.

305 1716 464 1796 lomonis,
494 1739 571 1802 quae
602 1721 646 1782 ad
676 1720 952 1783 exhortationem
988 1721 1046 1784 vel
1074 1721 1261 1784 denuncia-

304 1817 435 1880 tionem
459 1820 656 1901 exprimant
676 1821 827 1902 regibus,
852 1839 922 1882 non
942 1820 1055 1882 minus
1076 1840 1181 1902 quam
1196 1823 1259 1884 mi-

304 1937 380 1994 nas,
405 1920 484 1984 huic
507 1919 672 2001 opusculo
688 1921 838 1983 inserere
854 1920 1085 1983 necessarium
1099 1920 1196 1996 duxi,
1216 1941 1259 1984 ne

259 2037 290 2083 15
305 2017 423 2082 dicant
442 2040 496 2082 me
511 2021 633 2101 gravia
658 2027 693 2084 et
714 2020 947 2102 importabilia
968 2021 1004 2083 in
1019 2019 1180 2084 humeros
1195 2020 1259 2084 ho·

305 2118 435 2182 minum
465 2121 647 2184 verborum
675 2140 782 2184 onera
811 2120 900 2185 velle
928 2121 1115 2203 imponere,
1147 2121 1257 2202 digito

304 2226 420 2283 autern
442 2241 518 2284 meo
547 2240 600 2297 ea,
625 2221 660 2283 id
687 2228 740 2284 est
762 2221 993 2285 consolatorio
1019 2221 1139 2297 affatu,
1165 2221 1258 2285 nolle

303 2337 452 2384 movere.
505 2318 698 2384 Audiamus
718 2322 835 2405 itaque
859 2321 942 2404 quid
964 2321 1135 2404 propheta
1155 2321 1256 2386 dixit.

304 2416 460 2501 Diligite,
486 2420 611 2502 inquit,
635 2421 820 2503 justitiam,
848 2422 909 2502 qui
926 2421 1092 2503 judicatis
1115 2428 1254 2485 terram.

256 2535 288 2581 ao
304 2516 384 2583 Hoc
397 2540 505 2583 unum
523 2519 770 2596 testimonium,
790 2521 821 2582 si
835 2527 909 2583 toto
930 2520 1031 2606 corde
1047 2527 1255 2596 servaretur,

302 2619 438 2682 abunde
464 2619 507 2682 ad
533 2619 755 2700 corrigendos
783 2619 888 2681 duces
914 2618 1037 2700 patriae
1062 2617 1254 2697 sufficeret3

301 2738 393 2796 nam,
422 2720 453 2782 si
476 2718 680 2781 dilexissent
706 2719 892 2801 justitiam,
923 2717 1106 2798 diligerent
1133 2718 1254 2798 utique

300 2817 431 2882 fontem
454 2818 705 2902 quodammodo
728 2825 764 2881 et
785 2817 953 2900 originem
975 2817 1082 2881 totius
1094 2816 1255 2901 justitiae,

220 2963 224 2971 ·
253 3001 254 3005 Ἰ
302 2917 429 2983 Deum,
480 2919 614 2983 Servite
637 2919 788 2982 Domino
814 2918 851 2981 in
873 2917 1040 2994 bonitate,
1059 2925 1095 2981 ct
1115 2918 1151 2980 in
1173 2917 1256 2980 sim-

256 3018 455 3102 asplicitate
483 3021 595 3084 cordis
612 3020 767 3102 ¹quaerite
797 3038 887 3082 eum.
940 3017 1044 3082 Heu!
1076 3019 1153 3100 quis
1182 3018 1254 3082 vic·

301 3127 399 3183 turus
414 3128 479 3198 est,
495 3129 535 3185 ut
557 3120 697 3203 quidam
720 3126 802 3183 ante
825 3137 889 3182 nos
904 3119 966 3197 ait,
988 3118 1128 3202 quando
1142 3120 1211 3182 ista
1232 3138 1253 3182 a

300 3220 432 3284 civibus
461 3222 710 3304 perficiantur
746 3221 776 3282 si
805 3226 921 3282 tamen
957 3239 1105 3301 usquam
1135 3219 1254 3301 perfici

300 3322 447 3401 possint,
471 3320 645 3398 Quoniam
667 3319 842 3382 invenitur
864 3320 908 3381 ab
930 3318 984 3381 his
1007 3320 1067 3398 qui
1089 3338 1158 3381 non
1176 3327 1252 3381 ten-

300 3427 378 3483 tant
399 3421 507 3496 illum,
530 3425 676 3500 apparet
698 3425 813 3481 autem
837 3418 887 3479 eis
911 3418 969 3497 qui
995 3416 1096 3478 fidem
1124 3417 1255 3480 habent

255 3541 287 3588 ao
300 3520 336 3582 in
359 3539 448 3583 eum.
501 3517 595 3581 Nam
616 3518 675 3580 isti
698 3517 771 3579 sine
794 3522 950 3598 respectu
972 3521 1110 3577 tentant
1125 3513 1251 3591 Deum,

300 3619 399 3703 cujus
424 3626 600 3702 praecepta
629 3617 824 3681 contumaci
853 3615 1072 3698 despectione
1099 3620 1252 3678 contem-

300 3728 399 3797 nunt,
415 3740 478 3783 nec
494 3719 594 3782 fidem
609 3724 750 3782 servant
763 3716 826 3793 illi,
843 3716 943 3799 cujus
955 3715 1102 3778 oraculis
1116 3713 1252 3777 blandis

300 3821 356 3883 vel
378 3820 632 3902 aliquantulum
651 3818 780 3881 severis
802 3817 941 3880 dorsum
961 3823 1102 3879 versant
1127 3822 1163 3878 ct
1182 3835 1254 3878 non

299 3920 432 3985 faciem.
486 3920 666 3985 Perversae
689 3918 779 3981 enim
802 3917 1029 3998 cogitationes
1048 3920 1211 3996 separant
1231 3933 1253 3975 a

254 4031 285 4078 aa
300 4020 387 4084 De0.
440 4021 487 4084 Et
517 4020 583 4084 hoc
609 4021 645 4082 in
670 4018 827 4101 tyrannis
851 4016 961 4080 nostri
987 4013 1151 4095 temporis
1174 4032 1255 4094 pere

334 4220 763 4283 ²M0rietar.]V.passesonto§62.
825 4215 845 4244 ¹²
872 4216 914 4265 Aa
941 4213 1153 4276 exhortationem]
1187 4214 1252 4262 Cum

335 4290 353 4322 ¹¹
372 4292 500 4355 Sapientia
520 4291 677 4352 Salamin]
701 4291 718 4338 i.
739 4294 764 4351 1,
789 4288 963 4348 hortationem,
975 4287 1005 4335 V.

299 4369 325 4425 2,
336 4367 351 4412 3
361 4379 367 4423 ;
379 4379 403 4412 v.
417 4366 458 4425 15,
470 4365 510 4411 ld.
826 4354 846 4392 ³⁷
863 4351 976 4423 Autem]
991 4355 1052 4417 Hic,
1068 4354 1097 4402 V.
