3014 5046
355 422 399 486 62
670 436 841 484 nmsronn
865 435 994 482 omnm.

355 594 545 678 proposita,
566 593 732 676 loquitur,
757 593 886 669 diesne,
910 591 1000 656 Haec
1024 590 1107 655 dicit
1125 591 1309 672 Dominus,

358 696 477 759 Facite
499 694 668 777 judicium
691 702 726 756 et
751 693 936 775 justitiam,
960 699 995 756 et
1019 691 1163 755 liberate
1189 694 1225 756 vi
1246 713 1308 775 op-

355 814 512 877 pressum
527 795 569 856 de
592 812 697 856 manu
720 792 999 870 calumniatoris;
1023 799 1058 854 et
1076 791 1257 870 advenam,
1274 801 1309 858 et

355 896 536 977 pupillum,
566 900 601 956 et
631 893 782 969 viduam,
813 893 920 955 nolite
949 892 1166 968 contristare,
1196 911 1309 975 neque

355 993 557 1076 opprimatis
581 992 711 1074 inique,
735 999 770 1054 et
795 992 999 1072 sanguinem
1023 992 1242 1056 innocentem
1265 1012 1309 1057 ne
1339 1013 1354 1056 ⁵

356 1093 551 1161 effundatis,
603 1092 641 1155 Si
672 1092 763 1154 enim
790 1091 956 1155 facientes
986 1090 1135 1154 feceritis
1165 1093 1309 1155 verbum

355 1193 461 1269 istud,
483 1192 720 1273 ingredientur
733 1211 796 1273 per
809 1199 928 1272 portas
946 1190 1068 1254 domus
1091 1189 1194 1273 hujus
1209 1211 1309 1273 reges

356 1293 515 1355 sedentes
544 1291 586 1354 de
614 1310 739 1372 genere
764 1289 880 1354 David
906 1310 1010 1372 super
1031 1289 1193 1354 thronum
1220 1290 1307 1375 ejus·

358 1391 461 1469 Quod
480 1392 511 1455 si
532 1410 603 1454 non
621 1390 797 1454 audieritis
816 1392 922 1455 verba
939 1389 1025 1467 haec,
1047 1391 1084 1452 in
1106 1392 1309 1472 memetipso

352 1491 482 1574 juravi,
504 1490 588 1554 dicit
611 1491 795 1567 Dominus,
821 1491 904 1572 quia
929 1491 965 1553 in
994 1489 1215 1554 solitudinem
1244 1492 1355 1555 eritro

357 1591 479 1654 domus
504 1589 589 1654 haec.
643 1590 690 1653 Et
714 1590 851 1666 iterum,
875 1589 917 1653 de
944 1609 1025 1670 rege
1048 1590 1138 1652 enim
1162 1590 1310 1655 scelesto

357 1689 576 1772 loquebatur,
604 1688 698 1754 Vivo
729 1709 806 1770 ego,
841 1690 925 1753 dicit
954 1688 1136 1766 Dominus,
1168 1691 1251 1772 quia
1279 1690 1310 1754 si

357 1789 462 1854 fuerit
487 1788 510 1852 J
514 1789 675 1853 echonias
706 1790 855 1852 annulus
883 1791 919 1852 in
943 1808 1049 1851 manu
1074 1788 1199 1853 dextra
1221 1809 1310 1867 mea,

357 1890 437 1953 inde
460 1890 605 1953 evellam
631 1909 709 1952 eum
731 1895 766 1953 et
791 1889 880 1952 dabo
900 1888 937 1952 in
958 1908 1063 1952 manu
1082 1891 1310 1969 quaerentium

358 1990 508 2052 animam
521 1988 608 2070 ejus.
1324 2003 1355 2050 rs
1403 2071 1407 2077 ‚

195 2104 346 2194 maffia}
410 2088 497 2170 551.
521 2089 670 2151 Sanctus
698 2107 836 2170 quoque
864 2086 1007 2151 Abacuc
1037 2087 1229 2170 proclamat
1258 2086 1310 2151 di·

195 2205 249 2243 ruk.
358 2207 452 2264 cens,
478 2187 558 2263 Vae,
585 2187 645 2269 qui
670 2187 843 2250 aedificant
865 2189 1041 2252 civitatem
1064 2189 1101 2250 in
1129 2186 1310 2270 sanguine,

359 2294 395 2350 et
413 2293 613 2369 praeparant
637 2285 813 2350 civitatem
832 2288 869 2351 in
886 2288 1127 2368 iniquitatibus
1145 2287 1310 2365 dicentes,
1334 2331 1336 2334 >

360 2385 488 2449 Nonne
517 2386 592 2449 haec
619 2393 701 2449 sunt
730 2405 751 2448 a
773 2387 924 2450 Domino
952 2389 1211 2469 omnipotente?
1264 2386 1312 2451 Et

358 2486 557 2550 defecerunt
577 2485 697 2568 populi
716 2486 817 2549 multi
834 2488 871 2550 in
894 2487 987 2569 igne,
1005 2495 1040 2551 et
1056 2495 1177 2568 gentes
1191 2485 1310 2551 multae
1322 2503 1355 2548 ac

358 2586 538 2650 minoratae
557 2593 650 2650 sunt.
703 2586 750 2649 Et
768 2587 819 2649 ita
837 2588 1054 2669 prophetiam
1073 2587 1237 2669 querulus
1256 2587 1310 2650 in-

359 2686 454 2768 cipit,
481 2686 671 2769 Usqucquo
694 2686 850 2750 clamabo
880 2695 915 2750 et
938 2707 1008 2752 non
1034 2687 1226 2750 exaudies?
1248 2707 1310 2750 vo·

359 2786 527 2850 ciferabor
548 2785 592 2850 ad
615 2793 661 2862 te,
690 2786 834 2866 utquid
859 2787 943 2849 mihi
971 2787 1096 2850 dedisti
1119 2786 1255 2851 labores
1277 2792 1312 2849 et

359 2886 494 2950 dolores
509 2886 676 2966 inspicere
692 2884 865 2948 miseriam
879 2893 914 2948 et
927 2886 1164 2967 impietateml
1218 2883 1311 2949 Con-

359 2993 425 3060 tra,
452 2984 498 3046 Et
524 2984 653 3047 lactum
684 2989 737 3045 est
764 2983 945 3064 judicium,
971 2991 1006 3047 et
1029 2984 1141 3067 judex
1165 2986 1310 3067 accepit.
1323 2997 1355 3043 2⁵

359 3083 508 3163 Propter
531 3081 596 3144 hoc
618 3080 787 3161 dissipata
810 3088 864 3146 est
884 3083 954 3158 lex,
973 3089 1008 3145 et
1025 3103 1095 3152 non
1113 3083 1314 3164 perducitur

358 3182 402 3245 ad
427 3181 529 3244 finem
549 3179 741 3265 judicium3
771 3181 854 3263 quia
878 3182 1004 3263 impius
1029 3202 1091 3263 per
1120 3183 1312 3264 potentiam

358 3282 518 3363 deprimit
547 3281 693 3364 justum.
747 3278 896 3364 Propter
932 3281 998 3346 hoc
1034 3282 1120 3345 exiit
1142 3281 1311 3365 judicium

357 3401 568 3464 perversum.

219 3556 254 3585 om
278 3507 340 3587 epm
410 3483 497 3566 552.
521 3483 589 3546 Sed
614 3491 649 3548 et
672 3485 796 3548 beatus
819 3480 909 3545 Osee
931 3480 1110 3563 propheta,
1131 3480 1310 3558 attendite,
1325 3493 1357 3538 ³⁰

358 3585 440 3664 quid
455 3583 619 3665 loquatur
632 3586 675 3647 de
689 3582 913 3666 principibus,
929 3581 1058 3658 dicens,
1075 3581 1146 3644 Pro
1161 3601 1202 3644 eo
1217 3580 1309 3663 quod

359 3683 567 3763 transgressi
590 3689 673 3745 sunt
695 3689 835 3762 pactum
858 3701 985 3758 meum,
1007 3689 1043 3745 et
1067 3681 1232 3746 adversus
1261 3681 1310 3743 le.-

359 3801 436 3861 gem
462 3800 573 3843 meam
593 3781 757 3857 tulerunt,
784 3787 819 3842 et
845 3780 1108 3861 exclamabant3
1137 3779 1311 3861 Cognovi-

358 3900 435 3943 mus
465 3888 511 3956 te,
540 3881 622 3962 quia
648 3881 831 3945 adversum
860 3881 908 3943 sis
938 3879 1060 3944 Israel.
1113 3881 1250 3944 Bonum
1272 3887 1313 3943 ut

395 4145 414 4177 ¹⁶
430 4144 551 4217 Abacuc]
569 4150 586 4198 i.
597 4155 622 4211 2,
634 4155 657 4199 3.
884 4145 905 4178 ³⁰
925 4149 1007 4213 Ocea]
1025 4148 1078 4198 viii.
1092 4152 1116 4209 l,
1127 4151 1152 4195 4.

393 4213 413 4246 2⁴
422 4219 512 4266 Contra
522 4255 528 4268 .
542 4254 548 4266 .
558 4213 718 4287 perparcum]
730 4221 784 4269 Om.
792 4219 821 4267 V.
