3014 5046
363 447 385 507 d
573 462 753 508 campum
778 461 877 507 mam
902 457 1113 518 subuaudis

363 617 597 699 respiraverit,
627 618 687 680 sed
713 624 829 680 tamen
852 614 977 679 Ariani
1000 612 1163 694 contagio
1188 611 1316 676 infecta

364 716 537 781 defecerit.

416 815 542 880 Calui.
558 814 670 878 VIII.
701 814 860 892 Qualiter
884 834 970 897 gens
999 812 1182 878 Britonum
1207 812 1315 895 impe·

364 923 496 979 ratores
513 915 691 979 Romanos
707 913 890 978 attriverit.

416 1016 542 1079 Carnu.
560 1014 635 1078 IX.
660 1013 821 1093 Qualiter
835 1014 997 1078 Britones
1012 1012 1137 1076 arctati
1151 1031 1173 1075 a
1188 1010 1317 1074 Scottis
1347 1026 1361 1069 a

366 1122 401 1178 et
416 1114 525 1179 Pictis
550 1134 614 1196 pro
639 1113 800 1177 Romano
824 1114 981 1177 miserint
1003 1112 1147 1188 auxilio,
1170 1118 1205 1174 et
1228 1111 1317 1176 obti-

366 1216 527 1295 nuerint3
543 1222 578 1278 et
594 1212 696 1296 quale
712 1213 894 1277 consilium
911 1211 1063 1276 Romani
1085 1211 1134 1275 eis
1150 1210 1317 1287 dederint,

366 1313 539 1390 videlicet,
565 1321 604 1377 ut
629 1313 720 1376 inter
741 1314 810 1376 duo
837 1312 947 1376 maria
968 1330 1104 1374 murum
1127 1331 1189 1395 per
1209 1309 1319 1373 millia

367 1433 532 1496 passuum
561 1413 711 1496 plurima
739 1420 836 1476 trans
864 1411 1013 1476 insulam
1044 1412 1267 1487 instruerent,
1296 1429 1319 1473 a

367 1514 456 1576 mari
480 1513 606 1577 Scotiae
628 1512 801 1594 usquead
824 1531 918 1575 mare
936 1511 1127 1589 Hiberniae,
1149 1511 1185 1574 id
1208 1516 1272 1588 est,
1297 1528 1364 1574 aro

370 1613 460 1677 Kair
483 1614 581 1677 Eden
603 1612 745 1677 civitate
768 1611 1020 1694 antiquissima,
1043 1611 1189 1675 duorum
1211 1610 1318 1674 ferme

368 1713 513 1776 millium
544 1713 658 1796 spatio
687 1732 710 1775 a
739 1712 947 1776 monasterio
971 1709 1201 1793 Abercurnig,
1225 1709 1318 1792 quod

369 1821 467 1877 nunc'
483 1821 630 1878 vocatur
644 1811 835 1892 Abercorn,
861 1812 905 1876 ad
930 1812 1142 1877 occidentem
1161 1810 1318 1888 tandem,

369 1922 492 1978 contra
504 1914 727 1992 occidentem,
738 1914 845 1998 juxta
858 1915 978 1977 urbem
993 1911 1148 1976 Alcluth.
1201 1908 1252 1974 At
1265 1909 1318 1972 in·

369 2013 483 2076 sulani
502 2032 637 2076 murum
655 2033 726 2076 non
739 2021 812 2077 tam
825 2012 998 2094 lapidibus
1014 2031 1119 2094 quam
1133 2010 1320 2093 cespitibus
1332 2027 1364 2073 15

369 2119 621 2188 construenteS,
645 2112 689 2175 ad
712 2112 857 2175 nihilum
880 2110 1000 2175 utilem
1022 2119 1201 2192 statuunt;
1226 2109 1320 2194 quia,

369 2211 488 2273 statim
517 2210 686 2274 Romanis
710 2210 991 2294 repatriantibus
1017 2211 1141 2274 iterum
1164 2211 1208 2275 ab
1235 2209 1321 2293 ipsis

369 2309 564 2392 impugnati
579 2318 672 2374 sunt.

421 2409 547 2473 Cama.
563 2409 616 2475 X.
641 2409 756 2489 Quam
772 2410 895 2474 misere
916 2410 1025 2492 legati
1046 2410 1229 2475 Britonum
1246 2410 1319 2474 Ro·

368 2529 460 2573 mam
480 2509 605 2574 iterum
620 2510 817 2591 mittuntur,
831 2510 948 2575 scissis
961 2511 1128 2589 vestibus,
1142 2511 1244 2575 nudis
1260 2530 1319 2592 pe·
1332 2520 1366 2566 2⁰

369 2608 481 2687 dibus,
505 2609 634 2693 opertis
659 2611 801 2675 sablone
823 2612 1008 2695 capitibus,
1029 2611 1169 2676 lubricis
1192 2610 1319 2692 gressi·

368 2709 445 2787 buS,
461 2710 653 2774 lacrimosis
668 2712 971 2794 postulationibus,
993 2711 1145 2795 querulis
1164 2711 1319 2788 vocibus,

369 2810 502 2874 cunctis
517 2811 679 2874 membris
692 2813 994 2889 contrementibuS,
1004 2832 1026 2875 a
1035 2811 1204 2876 Romanis
1219 2809 1319 2873 auxi-

369 2909 416 2972 lia
430 2917 586 2991 petentes
601 2918 637 2974 et
650 2910 886 2992 impetrantes

422 3007 548 3072 Cama.
565 3008 639 3072 XI.
665 3007 848 3087 Quomodo
862 3008 1024 3073 Britones
1038 3026 1175 3070 rursum
1189 3006 1320 3071 Roma·
1336 3019 1368 3063 2⁵

370 3125 491 3169 norum
515 3107 677 3171 solatium
699 3108 910 3190 repetierint,
938 3116 973 3172 et
996 3107 1145 3189 qualiter
1169 3107 1322 3170 Romani

370 3224 446 3268 sese
467 3207 733 3287 excusaverint;
757 3209 817 3272 sed
832 3216 949 3272 tamen
967 3207 1110 3271 laudare
1133 3215 1168 3271 et
1181 3227 1321 3271 monere

370 3314 563 3388 caeperunt,
579 3315 618 3371 ut
641 3328 777 3371 murum
803 3328 824 3372 a
848 3308 935 3372 mari
958 3308 1002 3372 ad
1025 3327 1120 3371 mare
1144 3307 1319 3389 facerent;

370 3408 463 3488 quod
478 3415 514 3471 et
528 3408 684 3472 fecerunt
697 3428 719 3472 a
732 3409 820 3472 mari
831 3408 1031 3490 Norwagiae
1044 3428 1153 3490 usque
1166 3408 1211 3472 ad
1226 3428 1321 3474 mare

371 3505 576 3588 Galwadiae,
606 3529 668 3591 per
696 3518 775 3574 octo
803 3509 907 3593 pedes
940 3510 1049 3573 latum
1078 3516 1113 3572 et
1141 3508 1366 3573 duodecimae

370 3607 492 3685 altum,
514 3617 549 3673 et
564 3616 676 3672 turres
701 3630 763 3692 per
781 3610 965 3674 intervalla
986 3616 1266 3687 construxerunt,
1279 3628 1320 3672 eo

370 3705 407 3768 in
430 3707 506 3770 loco
528 3708 588 3771 ubi
610 3708 758 3773 Severus
774 3709 969 3792 Imperator
990 3709 1177 3772 maximam
1192 3709 1321 3772 fossam

370 3805 670 3889 firmissimumque
689 3808 832 3885 vallum,
857 3809 984 3873 crebris
1006 3809 1148 3892 insuper
1169 3808 1320 3873 turribus

369 3907 628 3984 communitum,
649 3929 711 3991 per
733 3916 871 3972 centum
895 3909 1040 3990 triginta
1062 3917 1098 3973 et
1122 3909 1190 3972 duo
1212 3907 1321 3971 millia

369 4025 536 4088 passuum
559 4008 662 4091 longe
685 4016 766 4073 ante
788 4010 929 4085 fecerat,
945 4009 980 4072 id
1007 4016 1071 4086 est,
1095 4028 1117 4072 a
1131 4009 1226 4085 villa,
1241 4027 1320 4090 quae
1334 4015 1365 4060 ³⁵

676 4221 694 4253 ¹¹
709 4219 840 4292 Ciuitate]
860 4225 966 4288 Civitas,
979 4226 1012 4276 A.
