3014 5046
550 503 722 550 nrrsronn
744 504 874 551 ernon.
1126 489 1191 554 107

233 656 291 733 sit,
312 656 404 736 ignis
424 659 593 739 probabit.
646 659 684 722 Si
706 659 805 743 cujus
820 679 908 745 opus
921 663 1100 741 manserit,
1116 683 1189 727 om·

234 755 293 818 nia
322 775 384 837 per
415 758 532 838 ignem
564 758 824 842 judicabuntur.
878 760 949 839 Qui
977 762 1189 843 superaedifi-

233 857 376 933 caverit,
401 858 592 922 mercedem
617 859 775 941 accipiet.
827 859 866 922 Si
892 860 992 944 cujus
1019 881 1106 944 opus
1133 883 1188 926 ar-

233 955 329 1032 serit,
344 955 587 1023 detrimentum
608 960 772 1041 patietur.
826 958 979 1049 Nescitis
1002 963 1085 1044 quia
1101 970 1201 1027 tem-¹

206 1054 329 1137 splum
343 1056 413 1121 Dei
432 1059 529 1136 estis,
552 1065 587 1122 et
604 1058 753 1139 Spiritus
769 1059 837 1121 Dei
853 1059 989 1123 habitat
1003 1061 1040 1123 in
1062 1063 1187 1128 vobisl

233 1153 272 1217 Si
293 1156 372 1236 quis
394 1165 510 1223 autem
532 1158 698 1240 templum
713 1159 781 1222 Dei
800 1159 992 1237 violaverit,
1015 1161 1188 1243 disperdet

231 1253 330 1318 illum
360 1257 469 1321 Deus.
521 1258 568 1322 Et
594 1258 732 1336 iterum,
761 1258 798 1322 Si
827 1260 905 1341 quis
933 1260 1071 1324 videtur
1094 1264 1187 1345 apud

233 1373 296 1417 vos
318 1357 458 1439 sapiens
482 1376 558 1421 esse
581 1357 618 1420 in
640 1357 705 1421 hoc
729 1358 859 1435 seculo,
886 1359 1015 1423 stultus
1045 1361 1118 1438 fiat,
1148 1370 1188 1427 ut

233 1453 280 1518 sit
308 1457 467 1539 sapiens3
497 1457 669 1539 sapientia
695 1458 919 1542 enimhujus
949 1461 1069 1524 mundi
1098 1463 1186 1526 stul·

189 1543 222 1623 ro
234 1553 313 1618 titia
337 1564 391 1621 est
416 1554 507 1639 apud
535 1557 661 1621 Deum.
713 1557 760 1622 Et
780 1565 861 1640 post
887 1559 1078 1640 aliquanta,
1103 1561 1187 1625 Non

232 1654 325 1718 bona
349 1656 510 1737 gloriatio
532 1662 661 1721 vestra.
714 1656 879 1735 NescitiS,
908 1659 990 1739 quia
1015 1660 1186 1724 modicum

233 1752 438 1819 fermentum
465 1763 575 1821 totam
604 1775 755 1820 massam
780 1759 993 1839 corrumpitl
1046 1759 1186 1843 Expur-

231 1861 314 1934 gate
336 1855 443 1937 igitur
463 1863 564 1920 vetus
586 1856 811 1936 fermentum3
834 1864 874 1921 ut
896 1858 1087 1921 sitis-nova
1102 1879 1184 1922 eon-

230 1955 375 2034 spersio.
428 1955 611 2034 Quomodo
635 1956 887 2038 expurgabitur
911 1964 1012 2020 vetus
1037 1957 1184 2022 fermen-

189 2061 318 2131 1stum,
346 2055 381 2119 id
411 2062 477 2132 est,
505 2062 698 2139 peccatum,
725 2055 817 2137 quod
848 2075 870 2120 a
900 2057 1020 2120 diebus
1049 2057 1085 2120 in
1111 2058 1184 2122 dies

231 2154 365 2218 cunctis
380 2156 562 2220 conatibus
573 2156 792 2220 cumulaturi
846 2157 891 2220 Et
903 2157 1040 2233 iterum,
1055 2157 1185 2241 Scripsi

231 2255 328 2317 vobis
353 2255 389 2318 in
412 2256 571 2337 epistola,
595 2276 638 2320 ne
665 2257 954 2320 commisceamini
979 2257 1184 2337 fornicariis

231 2372 302 2416 non
323 2356 443 2436 utique
464 2356 657 2419 fornicariis
687 2354 791 2439 hujus
815 2358 945 2433 mundi,
971 2364 1033 2420 aut
1056 2360 1183 2436 avaris,

231 2460 293 2516 aut
315 2457 509 2536 rapacibus
534 2462 596 2518 aut
620 2454 721 2517 idolis
747 2455 998 2534 servientibus3
1028 2457 1183 2538 alloquin

185 2567 218 2611 ao
230 2551 425 2616 debueratis
455 2553 497 2616 de
527 2552 592 2617 hoc
619 2553 748 2617 mundo
776 2555 883 2618 exire.
936 2553 1041 2617 Nunc
1066 2562 1182 2619 autem

230 2652 352 2733 scripsi
381 2653 479 2716 vobis
506 2672 549 2716 ne
579 2653 803 2730 commisceri,
831 2654 862 2717 si
887 2653 964 2734 quis
984 2655 1183 2718 nominatur

229 2750 348 2828 frater,
377 2759 413 2817 et
442 2759 495 2815 est
522 2751 721 2829 fornicator,
745 2759 807 2817 aut
830 2771 969 2830 avarus,
993 2760 1054 2817 aut
1080 2754 1181 2818 idolis

230 2853 395 2930 serviens,
415 2859 477 2916 aut
495 2852 694 2928 maledicus
714 2859 776 2916 aut
795 2853 962 2930 ebriosus,
981 2860 1042 2917 aut
1055 2873 1180 2936 rapas,

230 2971 307 3014 curn
327 2953 523 3036 hujusmodi
544 2972 609 3017 nec
624 2954 738 3016 cibum
758 2953 895 3035 quidem
915 2973 1060 3017 sumere.
1112 2953 1180 3023 Sed

183 3073 215 3117 ns
228 3051 318 3116 latro
341 3073 559 3136 nequaquam
581 3074 644 3137 pro
666 3052 760 3117 furto
785 3054 840 3118 vel
863 3054 1046 3118 latrocinio
1069 3054 1180 3121 furem

228 3151 333 3215 alium
354 3154 508 3229 damnat,
531 3173 633 3235 quem
654 3155 771 3236 potius
788 3161 899 3237 optat,
922 3161 1179 3232 tuetnr‚ssamat‚

227 3258 348 3333 utpote
362 3253 416 3315 sui
430 3252 568 3316 sceleris
582 3262 787 3318 consortem.

280 3351 296 3432 §
312 3351 387 3414 101.
412 3350 502 3414 Item
514 3351 552 3413 in
567 3351 725 3432 Epistola
741 3352 784 3413 ad
800 3350 999 3415 Corinthios
1014 3353 1178 3432 secunda,
1191 3359 1318 3450 {fflff

228 3449 324 3526 Ide0‚
357 3450 482 3531 inquit,
511 3449 678 3514 habentes
711 3449 801 3512 hanc
834 3449 1179 3530 administrationem,
1298 3437 1304 3458 ⁸

183 3568 214 3612 ao
220 3548 328 3632 juxta
349 3550 442 3632 quod
463 3549 731 3613 misericordiam
753 3548 931 3613 consecuti
951 3569 1083 3627 sumus,
1109 3571 1180 3614 non

226 3648 436 3727 deficiamus,
459 3649 520 3713 sed
535 3649 736 3732 abjiciamus
750 3648 887 3712 occulta
897 3647 1086 3727 dedecoris,
1108 3671 1178 3714 non

226 3750 443 3814 ambulantes
457 3750 494 3812 in
510 3749 640 3812 astutia
658 3761 769 3830 n'eque
784 3748 1020 3812 adulterantes
1036 3752 1178 3815 verbum

227 3848 306 3926 Dei,
328 3870 390 3931 per
411 3850 540 3912 malum
562 3849 771 3931 exemplum,
794 3848 937 3925 scilicet,
960 3856 995 3912 et
1008 3869 1070 3932 per
1092 3850 1177 3912 adu-

225 3947 400 4013 lationem.
454 3950 498 4014 In
516 3949 803 4029 subsequentibus
826 3955 943 4011 autem
955 3949 1007 4010 ita
1021 3948 1063 4010 de
1077 3949 1178 4011 malis

182 4068 213 4112 as
225 4048 422 4113 doctoribus
451 4049 557 4129 dicit3
587 4047 681 4113 Nam
704 4047 872 4131 ejusmodi
895 4047 1178 4130 pseudoapostoli

261 4288 271 4316 ²
289 4289 357 4346 Qui.
372 4326 378 4340 .
393 4293 564 4354 ,cotuortem.]
580 4293 635 4341 Om.
652 4292 681 4341 V.
698 4286 703 4357 l
754 4287 774 4318 ³³
790 4291 847 4353 Ec]
863 4291 917 4338 Om.
931 4292 964 4339 Β.
