3014 5046
363 452 407 516 68
680 465 851 514 nnts‘ronn
875 464 1005 511 omnm.

366 625 422 690 cui
436 623 585 707 primum
606 623 777 687 Dominus
793 621 1034 685 miserabiliter
1049 620 1189 702 plagam
1210 616 1322 681 Israel

366 724 506 790 deflenti
542 724 603 788 ait.
657 723 830 805 Iniquitas
866 722 988 785 domus
1016 719 1128 783 lsrael
1158 725 1194 782 et
1226 718 1323 782 Juda

366 825 515 890 invaluit
552 824 666 900 nimis,
702 824 784 905 quia
817 822 959 904 impleta
993 827 1046 883 est
1075 826 1169 884 terra
1194 818 1322 901 iniqui·
1434 870 1437 875 ⁴

367 932 441 990 tate
463 932 499 987 et
520 924 747 987 immunditia.
800 923 890 986 Ecce
910 942 975 1003 ego
997 941 1085 998 sum,
1109 939 1179 984 non
1201 925 1322 1001 parcet

369 1025 489 1089 oculus
505 1043 614 1101 meuS,
632 1044 743 1106 neque
758 1023 955 1086 miserebor.
1008 1020 1055 1084 Et
1069 1019 1171 1085 infra.
1224 1018 1321 1096 Quo·
1345 1030 1366 1074 n

369 1125 463 1188 niam
485 1132 578 1188 terra
606 1126 710 1206 plena
740 1123 889 1206 populis
917 1129 952 1185 et
981 1121 1104 1184 civitas
1129 1122 1234 1203 plena
1254 1118 1322 1182 ini-

369 1227 502 1309 quitate
525 1230 589 1301 est,
610 1232 646 1288 at
665 1231 820 1287 avertam
839 1223 1006 1303 impetum
1028 1220 1168 1285 virtutis
1191 1238 1324 1296 eorum,

370 1333 405 1389 et
433 1325 630 1406 polluentur
657 1331 780 1387 sancta
809 1341 937 1386 eorum.
996 1321 1165 1385 Exoratio
1193 1319 1323 1396 veniet,

370 1433 406 1489 et
420 1433 553 1508 quaeret
574 1444 694 1506 pacem
709 1431 744 1487 et
758 1442 828 1486 non
843 1423 918 1486 erit.
972 1421 1019 1484 Et
1036 1428 1116 1504 post
1130 1421 1321 1502 aliquanta.

372 1526 501 1589 Factus
522 1532 587 1600 est,
610 1525 734 1606 inquit,
760 1543 872 1586 sermo
890 1522 1032 1585 Domini
1055 1521 1100 1584 ad
1122 1519 1369 1597 medicemur

372 1626 440 1689 Fili
459 1625 619 1702 hominis,
640 1633 734 1689 terra
757 1643 836 1706 quae
866 1622 1061 1704 peccaverit
1086 1620 1171 1684 mihi
1195 1627 1236 1685 ut
1262 1620 1323 1684 de·

369 1725 506 1808 linquat
534 1725 708 1802 delictum,
737 1723 922 1788 extendam
946 1741 1086 1784 manum
1112 1723 1261 1798 ineam,
1288 1726 1324 1784 et

370 1833 546 1890 conteram
567 1824 642 1908 ejus
660 1824 912 1887 firmamentum
932 1822 1044 1904 paniS,
1066 1822 1271 1886 et'emittam
1286 1819 1323 1884 in

371 1945 447 1988 eam
463 1925 600 2000 famem,
621 1924 787 1988 attollam
809 1924 852 1987 de
872 1943 913 1986 ea
930 1923 1115 1999 hominem,
1136 1929 1171 1985 et
1185 1939 1322 2005 pecora.

371 2024 463 2089 Etsi
477 2027 548 2088 sint
561 2031 631 2087 tres
647 2025 712 2088 viri
721 2024 779 2088 isti
792 2025 828 2087 in
842 2023 955 2087 medio
971 2023 1058 2106 ejus,
1076 2021 1166 2098 Noe,
1183 2021 1323 2099 Daniel,
1336 2034 1368 2081 1⁵

370 2133 406 2188 et
428 2125 451 2189 J
455 2126 510 2201 ob,
532 2144 602 2186 non
616 2124 812 2188 liberabunt
828 2144 915 2199 eam,
939 2122 1000 2186 sed
1017 2123 1084 2205 ipsi
1105 2123 1142 2186 in
1164 2141 1229 2186 sua
1246 2122 1324 2206 jus·

369 2225 449 2288 titia
468 2224 557 2287 salvi
578 2231 690 2298 erunt,
714 2224 798 2288 dicit
819 2223 1001 2287 Dominus.
1055 2222 1157 2300 Quod
1172 2224 1202 2285 si
1218 2221 1324 2286 etiam

369 2324 500 2387 bestias
526 2322 635 2386 malas
659 2323 819 2387 inducam
846 2344 950 2406 super
973 2330 1101 2388 terram
1124 2330 1161 2388 et
1183 2323 1325 2405 puniam

369 2423 478 2501 illam,
502 2429 538 2487 ct
552 2424 617 2486 crit
631 2424 668 2486 in
682 2425 936 2501 exterminium,
959 2432 994 2488 et
1009 2444 1078 2487 non
1099 2424 1165 2487 erit
1179 2424 1239 2505 qui
1256 2422 1325 2487 iter

371 2523 477 2589 faciat
510 2543 532 2586 a
560 2524 646 2588 secie
679 2525 879 2590 bestiarum.
933 2525 979 2588 Et
1005 2531 1076 2588 tres
1105 2524 1170 2588 viri
1198 2523 1257 2587 isti
1286 2523 1370 2587 inno

371 2624 483 2688 medio
502 2625 577 2708 ejus
591 2625 673 2701 sint,
688 2627 770 2689 vivo
785 2646 850 2708 ego
866 2625 949 2690 dicit
965 2624 1147 2702 Dominus,
1168 2625 1198 2688 si
1212 2623 1274 2686 filii
1284 2629 1325 2687 et

370 2725 452 2788 filiae
475 2726 550 2809 ejus
571 2725 821 2804 liberabuntur,
843 2727 904 2790 sed
925 2727 991 2808 ipsi
1014 2725 1079 2788 soli
1101 2724 1190 2789 salvi
1211 2730 1324 2802 erunt,

372 2831 463 2888 terra
482 2833 597 2888 autem
608 2827 674 2888 erit
687 2827 724 2888 in
734 2827 923 2890 interitum.
970 2825 1017 2888 Et
1031 2827 1167 2889 iterum.
1214 2824 1325 2889 Filius

373 2944 442 2987 non
468 2926 614 3005 accipiet
638 2926 844 3007 injustitiam
868 2925 988 3005 patrie,
1012 2945 1124 3007 neque
1144 2930 1244 3006 pater
1266 2943 1325 2988 ac-

373 3023 477 3104 cipiet
490 3023 696 3105 injustitiam
711 3023 784 3086 filii.
836 3022 858 3086 J
861 3024 982 3087 ustitia
990 3023 1079 3106 justi
1093 3042 1198 3104 super
1211 3025 1326 3105 ipsum
1338 3042 1371 3088 aa

373 3122 449 3185 erit.
502 3123 549 3184 Et
570 3121 720 3204 iniquuS,
745 3123 775 3184 si
794 3130 931 3186 avertat
956 3141 993 3184 se
1015 3124 1059 3185 ab
1081 3123 1239 3185 omnibus
1258 3124 1327 3187 ini·

370 3221 563 3304 quitatibus
579 3241 666 3303 quas
681 3221 773 3298 fecit,
796 3229 831 3284 et
845 3221 1018 3285 custodiat
1032 3223 1148 3285 omnia
1160 3223 1327 3289 mandata

371 3341 462 3399 mea,
479 3329 514 3385 et
529 3321 636 3385 iaciat
646 3321 820 3405 justitiam
836 3330 871 3386 et
885 3323 1154 3387 misericordiam
1168 3324 1325 3402 multam,

372 3422 447 3486 vita
462 3423 558 3486 vivet
579 3430 615 3486 ct
637 3442 707 3486 non
728 3425 904 3487 morietur.
957 3422 1082 3487 Omnia
1097 3423 1223 3488 delicta
1237 3424 1325 3507 ejuS,

373 3543 588 3606 quaecunque
603 3523 695 3600 lecit,
707 3543 777 3587 non
792 3531 915 3602 erunt3
931 3524 967 3585 in
981 3542 1045 3586 sua
1055 3523 1204 3607 justitia,
1220 3543 1324 3606 quam
1338 3536 1371 3585 et

374 3624 467 3698 fecit,
489 3625 562 3687 vita
582 3624 687 3686 vivet.
741 3622 909 3706 Nunquid
931 3623 1110 3688 voluntate
1131 3624 1211 3689 volo
1233 3644 1324 3687 mor·

374 3730 443 3785 tem
466 3722 599 3804 injusti,
625 3723 709 3785 dicit
733 3722 916 3800 DomiuuS,
942 3743 1045 3805 quam
1070 3730 1111 3787 ut
1128 3731 1263 3789 avertat
1287 3742 1324 3789 se

375 3841 396 3884 a
418 3821 476 3885 via
498 3840 562 3883 sua
582 3821 675 3884 mala
698 3829 732 3884 et
754 3822 874 3886 vivati
928 3822 1016 3886 Cum
1042 3843 1079 3886 se
1102 3832 1217 3888 autem
1242 3843 1324 3888 con-

373 3922 516 3986 verterit
539 3921 657 4003 justus
684 3941 706 3984 a
729 3922 869 4005 justitia
895 3942 970 4000 sua,
997 3931 1032 3987 et
1054 3922 1174 3987 fecerit
1197 3925 1324 4006 iniqui-

373 4029 481 4086 tatem
510 4022 699 4085 secundum
734 4042 852 4087 omnes
887 4024 1088 4106 iniquitates
1125 4043 1212 4105 quas
1244 4024 1371 4089 fecitne

373 4123 523 4204 iniquuS,
552 4142 671 4186 omnes
694 4123 854 4208 justitiae,
888 4144 975 4204 quas
1005 4124 1098 4201 fecit,
1127 4145 1198 4189 non
1224 4137 1327 4190 erunt

398 4328 1316 4400 ⁹11thEzech.ix.9,1o;vii.2a3xiv.12,13,14‚etc.;xviii.no,nl,etc
