3014 5046
372 467 438 530 114
532 500 569 533 ι,
692 478 864 525 nrrsrona
888 478 1018 524 ornum.

376 643 530 727 palpare,
557 648 780 723 unguentove
806 658 949 720 ungere,
976 635 1081 718 quod,
1105 643 1240 699 tumore
1259 635 1336 720 jam

377 743 433 807 vel
461 741 585 804 foetore
613 741 678 804 sibi
706 739 921 813 horrescens,
951 737 1104 799 cauterio
1135 741 1171 798 ct
1197 735 1337 818 publico
1407 764 1413 775 ·

377 842 469 923 ignis
492 839 716 903 medicamine
740 839 844 919 egetl
869 837 899 899 si
922 843 1039 898 tamen
1061 834 1133 898 ullo
1153 835 1256 898 modo
1279 854 1336 900 sa·

379 941 456 1003 nari
469 940 591 1022 possit,
612 958 707 1019 aegro
723 955 942 1018 nequaquam
963 934 1131 997 medelam
1147 941 1336 1016 quaerentc,
1378 978 1382 986 -

381 1048 417 1103 et
436 1041 480 1102 ab
498 1038 564 1101 hoc
588 1038 721 1101 medico
744 1036 881 1117 longius
905 1034 1098 1100 recedente.
1155 1032 1186 1097 Ο
1208 1034 1339 1098 inimici
1367 1056 1383 1101 o

384 1138 452 1203 Dei
474 1145 509 1201 et
524 1157 594 1200 non
617 1137 825 1212 sacerdotes
848 1134 1004 1198 veterani
1026 1134 1195 1198 malorum
1217 1140 1254 1197 et
1268 1153 1339 1199 non

383 1237 576 1321 pontifices
594 1236 778 1299 traditores
804 1242 839 1298 et
861 1254 932 1296 non
957 1239 1157 1296 sanctorum
1184 1230 1339 1329 Aposto-

384 1336 496 1400 lorum
520 1353 748 1410 successores,
771 1335 1031 1419 impugnatores
1056 1339 1091 1394 et
1113 1352 1183 1396 non
1210 1331 1341 1417 Christi

384 1434 543 1497 ministri.
557 1448 561 1458 ·
596 1432 831 1497 Auscultastis
843 1430 979 1513 quidem
993 1432 1152 1494 secundae
1165 1430 1341 1495 Lectionis

386 1532 548 1615 Apostoli
570 1532 674 1596 Pauli
700 1533 883 1597 verborum
911 1549 1047 1607 sonum,
1074 1529 1152 1617 (sed
1177 1530 1215 1593 in
1244 1530 1341 1594 nullo
1355 1550 1386 1596 ro

385 1633 488 1696 modo
511 1633 643 1695 monita
671 1633 901 1713 virtutemque
929 1631 1107 1708 servastis
1137 1637 1173 1694 et
1197 1630 1341 1694 simula-

388 1732 547 1794 chrorum
569 1732 683 1809 modo,
708 1751 786 1814 quae
811 1751 881 1794 non
905 1729 1025 1793 vident
1046 1748 1157 1811 neque
1183 1730 1342 1807 audiunt,

388 1830 508 1894 codem
528 1831 583 1894 dic
606 1831 708 1895 altari
727 1826 917 1913 astitistis)
936 1835 1021 1900 tunc
1045 1836 1081 1892 et
1103 1828 1256 1910 quotidie
1278 1849 1343 1894 vo·

388 1931 442 1999 bis
461 1932 664 2008 intonantis,
684 1920 985 2009 Fratres'inquit,
1007 1927 1118 1991 fidelis
1143 1948 1254 1992 sermo
1277 1934 1342 2005 est,

390 2037 426 2094 et
453 2031 546 2093 omni
572 2031 769 2112 acceptione
793 2027 1040 2109 dignus-illc
1062 2027 1151 2091 dixit
1178 2028 1343 2105 Fidelem,
1356 2049 1389 2095 1⁶

390 2136 426 2192 ct
448 2130 614 2210 Dignum,
634 2148 697 2193 vos
721 2137 760 2192 ut
785 2127 957 2190 infidelem
981 2133 1017 2190 et
1038 2127 1219 2208 indignum
1247 2146 1344 2211 spre-

390 2228 546 2303 vistis,-
554 2227 592 2290 Si
617 2228 694 2307 quis
719 2227 955 2309 episcopatum
979 2227 1086 2307 cupit,
1109 2228 1236 2291 bonum
1256 2246 1344 2309 opus

391 2325 573 2389 desiderat.
625 2325 701 2389 Vos
726 2327 962 2408 episcopatum
992 2345 1201 2408 magnopere
1230 2327 1345 2390 avari·

394 2425 452 2489 tiae
473 2427 597 2506 gratia,
616 2445 686 2488 non
706 2425 895 2508 spiritualis
912 2424 1087 2506 profectus
1109 2427 1265 2503 obtentu,
1284 2445 1345 2489 cu-

394 2524 489 2605 pitis,
512 2531 547 2587 et
565 2527 693 2588 bonum
711 2544 798 2607 opus
823 2525 875 2587 illi
899 2524 1106 2605 condignum
1127 2533 1392 2609 nequaquamao

394 2623 539 2687 habetis.
607 2623 756 2706 Oportet
790 2644 873 2704 ergo
904 2623 1100 2706 hujusmodi
1131 2624 1346 2708 irreprehen-

394 2723 527 2786 sibilem
550 2742 636 2786 esse.
690 2723 734 2786 In
756 2723 822 2786 hoc
844 2742 993 2804 namque
1020 2742 1176 2787 somene
1196 2724 1347 2787 lacrimis

395 2823 506 2902 magis
520 2842 624 2904 quam
640 2824 754 2887 verbis
775 2842 861 2904 opus
879 2830 944 2898 est,
965 2841 1006 2884 ac
1026 2822 1056 2884 si
1075 2822 1220 2887 dixisset
1232 2821 1348 2906 Apos-

395 2921 499 2998 toluS,
518 2941 596 2984 eum
612 2940 687 2984 esse
709 2921 867 2984 omnibus
886 2921 1270 3002 irreprehensibiliorem
1288 2922 1348 2986 de-

394 3019 486 3083 bere.
539 3019 652 3081 Unius
675 3020 794 3082 uxoris
817 3020 941 3082 virum.
994 3017 1088 3096 Quid
1110 3022 1161 3084 ita
1179 3021 1271 3105 apud
1284 3038 1394 3091 vosne

396 3136 533 3197 quoque
548 3118 790 3193 contemnitur,
806 3119 906 3199 quasi
917 3137 987 3181 non
1001 3118 1179 3182 audiretur
1189 3122 1245 3185 vel
1259 3120 1349 3185 idem

395 3214 508 3293 dicere
527 3223 562 3278 et
580 3216 691 3279 virum
714 3219 886 3280 uxoruml
938 3216 1110 3294 Subrium,
1133 3220 1348 3301 prudentem.

340 3307 343 3311 ’
397 3313 485 3392 Quis
516 3315 620 3378 etiam
649 3337 694 3378 ex
720 3317 818 3380 vobis
841 3316 906 3379 hoc
934 3316 1119 3398 aliquando
1144 3319 1257 3382 inesse
1284 3320 1351 3383 sibi

395 3414 517 3478 saltem
552 3416 712 3498 optavitl
768 3415 1000 3498 Hospitalem,
1034 3417 1069 3480 id
1101 3424 1166 3494 est,
1202 3419 1232 3481 si
1261 3417 1350 3482 forte

433 3683 441 3714 ¹
461 3687 583 3750 Tamara]
600 3688 645 3748 V.;
658 3689 755 3750 timore,
767 3691 801 3737 B.
889 3692 932 3750 ing
949 3694 974 3736 to
985 3689 1027 3737 the
1044 3690 1117 3738 ‘mos
1135 3691 1255 3739 Romonae
1271 3693 1353 3743 ecclc-

433 3775 443 3806 ⁶
465 3779 793 3844 Veterani.]01icitatores,
809 3784 839 3832 V.
890 3759 1038 3875 Siffi’ffl’tl'
1051 3763 1091 3840 32.
1111 3829 1166 3877 Π..
1212 3831 1269 3878 ...l
1306 3835 1317 3878 t

433 3870 669 3937 ⁸Impugnotorer.]
684 3876 740 3924 Om.
754 3876 787 3926 B.
927 3893 947 3925 n
964 3828 1248 3961 ὦὲἶηῇὲοηίῗῖω
1274 3845 1340 3889 ’Μ’

435 3954 445 3985 ⁹
458 3957 575 4009 Secundo
582 3960 728 4024 Lectionis]
735 3962 788 4010 ibe
796 3978 864 4011 same
927 3963 945 3992 ¹⁴
963 3967 1124 4030 Intercatia]
1136 3969 1274 4031 Intonaret,
1291 3969 1320 4018 V.

400 4041 510 4088 passage
528 4028 624 4077 formed
642 4030 684 4078 the
702 4031 797 4080 Lesson
815 4048 866 4080 em·
926 4033 947 4066 2⁰
966 4037 1056 4099 Opus]
1072 4038 1127 4087 Om.
1140 4039 1174 4087 Β.

400 4096 492 4156 ployed
517 4097 543 4144 in
567 4098 608 4146 the
631 4099 774 4148 ordination
797 4103 826 4149 of
850 4118 866 4151 a
927 4103 944 4132 ²¹
964 4105 1093 4169 Habetis]
1108 4108 1164 4156 Om.
1177 4107 1210 4157 Β.

398 4165 488 4225 bishop
509 4167 670 4216 ‘secundum
691 4169 800 4232 Gallos‚'
823 4186 865 4220 see
926 4172 946 4200 ²⁵
968 4176 1036 4237 Vos]
1050 4175 1167 4238 B.;nos,
1182 4177 1212 4226 V.

399 4232 525 4296 Marteno,
537 4237 563 4284 ii.
577 4242 618 4299 53,
633 4239 683 4286 and
695 4240 750 4287 also
762 4242 865 4289 accord·
927 4241 946 4270 ²⁹
963 4246 1011 4292 Est
1021 4245 1066 4307 ei]
1081 4247 1135 4294 Om.
1153 4248 1183 4296 V.
