3014 5046
354 482 420 546 106
504 558 506 562 y
667 495 839 542 urrsrouu
863 494 993 542 uranu.

355 653 463 731 ciunt,
478 661 514 717 et
527 652 701 736 prohibita
714 673 783 716 non
799 651 988 728 dechnant,
1003 649 1064 713 sed
1079 649 1185 713 etiam
1197 651 1309 733 ipsam

356 755 538 818 verborum
554 753 622 817 Dei
647 753 829 817 lectionem
843 752 899 816 vel
921 750 1072 815 tenuiter
1091 750 1233 816 auribus
1255 751 1309 815 in·
1436 758 1441 765 '

355 861 489 935 gestam
502 873 566 936 pro
581 853 772 917 saevissimo
788 871 901 934 angue
914 850 1114 932 refugiunt?
1160 900 1163 905 .

407 954 424 1037 ᾖ
440 954 495 1018 99.
519 952 587 1017 Sed
603 960 820 1018 transeamus
835 951 879 1015 ad
893 951 1086 1033 sequentia,
1105 948 1199 1028 Quid
1213 968 1309 1030 ergo,

355 1053 480 1135 inquit,
502 1053 678 1117 dicemus?
731 1051 1014 1116 Permanebimus
1036 1051 1073 1114 in
1094 1057 1250 1132 peccato,
1269 1056 1311 1114 ut
1338 1061 1354 1105 ⁵

356 1155 471 1234 gratia
484 1153 661 1218 abundetl
685 1153 788 1217 absit.
840 1151 911 1230 Qui
933 1153 1023 1215 enim
1040 1151 1168 1214 mortui
1190 1168 1310 1213 sumus

355 1260 511 1335 peccato,
536 1253 707 1333 quomodo
730 1253 856 1316 iterum
880 1253 1036 1316 vivemus
1061 1251 1099 1313 in
1123 1250 1209 1315 illoi
1263 1249 1311 1314 Et

356 1359 437 1435 post
465 1352 656 1433 aliquanta,
687 1351 776 1430 Quis
802 1370 879 1428 noS,
909 1352 971 1429 ait,
997 1351 1173 1431 separabit
1201 1368 1224 1413 u
1250 1367 1310 1413 cu·
1437 1354 1439 1359 ’

356 1453 459 1516 ritate
484 1450 637 1515 Christii
663 1451 865 1515 tribulatioi
889 1470 936 1514 an
957 1450 1143 1532 angustiat
1166 1468 1212 1514 an
1231 1468 1310 1532 por-

356 1551 511 1615 secutiol
537 1570 583 1613 an
605 1551 737 1615 famesi
762 1571 808 1614 an
832 1550 996 1614 nuditast
1023 1569 1070 1613 au
1094 1549 1309 1632 periculum?
1322 1565 1355 1612 ro

357 1671 403 1714 an
428 1650 590 1732 gladiust
644 1649 757 1728 Quem
787 1656 953 1727 vestrum,
982 1669 1113 1733 quaeso,
1143 1649 1225 1714 talis
1254 1648 1306 1711 iu·

356 1752 441 1815 timo
476 1751 578 1815 corde
610 1750 793 1832 occupabit
826 1750 981 1827 affectus,
1016 1750 1076 1831 qui
1109 1769 1180 1813 non
1206 1748 1310 1812 modo

357 1871 420 1933 pro
448 1851 578 1932 pietate
605 1868 675 1914 non
705 1849 884 1926 laboratis,
913 1849 973 1913 sed
999 1850 1103 1913 etiam
1128 1854 1168 1912 ut
1191 1847 1310 1930 iniqua

357 1952 484 2031 agatis,
511 1958 546 2014 et
576 1948 753 2014 Christum
777 1948 971 2026 offendatis,
996 1950 1107 2013 multa
1124 1947 1309 2031 patimini?

298 2106 302 2115 .
357 2049 426 2113 Vel
450 2050 543 2131 quod
564 2050 731 2130 sequitur.
784 2049 868 2112 Nox
890 2049 1079 2130 praecessit,
1101 2048 1174 2112 dies
1193 2055 1355 2112 autemus

357 2150 661 2231 appropinquavit.
713 2147 928 2232 Abjiciamus
961 2169 1044 2231 ergo
1072 2167 1180 2232 opera
1213 2153 1311 2212 tene·

358 2249 508 2326 brarum,
538 2254 573 2310 et
600 2249 783 2312 induamus
811 2267 909 2311 arma
928 2249 1028 2325 lucis,
1054 2249 1105 2312 sic
1130 2255 1172 2313 ut
1193 2246 1237 2310 in.
1255 2247 1311 2311 dic

358 2347 501 2412 honeste
530 2348 757 2426 ambulemus,
794 2368 863 2411 non
896 2348 934 2412 in
968 2347 1311 2412 commessationibus

357 2454 393 2511 et
418 2448 653 2525 ebrietatibus,
678 2469 749 2513 non
768 2449 804 2512 in
828 2449 997 2513 cubilibus
1019 2455 1054 2512 et
1074 2446 1310 2530 impudicitiis,

358 2568 428 2611 non
455 2549 493 2611 in
520 2550 741 2613 contentione
769 2556 805 2614 et
835 2549 1066 2625 aemulatione,
1094 2548 1155 2612 sed
1178 2546 1310 2611 induite
1323 2566 1356 2614 st

358 2648 548 2712 Dominum
568 2647 691 2712 Jesum
714 2649 902 2727 Christum,
925 2656 961 2713 et
980 2648 1095 2713 carnis
1122 2667 1241 2713 curam
1266 2666 1310 2711 ne

358 2747 506 2811 feceritis
520 2749 558 2812 in
572 2749 871 2832 concupiscentiis.

215 2859 242 2919 2¹⁸
277 2858 333 2900 ⁰¹1⁸·
410 2848 517 2930 §lou
541 2848 589 2911 Et
610 2849 735 2912 iterum
753 2849 797 2911 ad
814 2848 1012 2913 Corinthios
1027 2849 1064 2911 in
1077 2848 1189 2931 prima
1208 2845 1310 2929 Epis-

221 2921 275 2959 ’ω’
358 2947 453 3027 tola3
484 2954 525 3010 ut
548 2948 699 3029 sapiens,
723 2948 848 3031 inquit,
874 2947 1083 3011 architectus
1105 2946 1311 3011 fundamen·

358 3053 432 3108 tum
467 3046 579 3127 posui,
613 3046 701 3108 alter
740 3046 1005 3126 superaedificat.
1062 3045 1356 3129 Unusquisques

358 3151 474 3207 autem
503 3143 621 3209 videat
652 3145 823 3225 quomodo
855 3144 1116 3226 superaedificet.
1170 3144 1312 3210 Funda-

358 3251 513 3307 mentum
536 3244 625 3307 enim
649 3243 742 3307 ahud
763 3264 865 3309 nemo
884 3251 1000 3326 potest
1021 3264 1161 3327 ponere,
1183 3251 1312 3326 praeter

358 3343 393 3407 id
421 3344 513 3426 quod
541 3344 692 3427 positum
721 3352 787 3422 est,
816 3344 908 3427 quod
930 3351 984 3408 est
1006 3344 1029 3408 J
1032 3363 1111 3408 esus
1140 3343 1310 3408 Christus.

359 3443 398 3506 Si
419 3446 496 3527 quis
519 3453 635 3509 autem
658 3445 909 3527 superaedificet
924 3464 1028 3526 super
1049 3443 1311 3508 fundamentum

359 3544 425 3608 hoc
439 3565 561 3610 aurum
580 3552 615 3608 et
637 3552 831 3626 argentum,
850 3545 983 3626 lapides
1001 3544 1184 3627 pretiosos
1203 3543 1311 3625 ligna,
1324 3562 1356 3608 so

359 3644 503 3722 soenum,
532 3646 708 3725 stipulam,
736 3645 1004 3726 unumquodque
1033 3663 1121 3726 opus
1148 3643 1311 3707 manifes-

360 3750 434 3805 tum
456 3744 533 3820 erit,
555 3744 627 3806 dies
643 3744 734 3807 enim
752 3745 893 3808 Domini
915 3745 1105 3808 declarabit
1118 3743 1216 3821 illud,
1229 3743 1312 3827 quia

360 3842 396 3905 in
409 3842 490 3924 igne
503 3843 723 3920 revelabitur,
746 3852 782 3909 et
803 3845 1074 3929 uniuscujusque
1096 3862 1195 3926 opus,
1210 3843 1312 3926 quale

393 4148 401 4181 ¹
416 4151 521 4212 Etiam]
539 4152 622 4199 Etiam
635 4153 689 4212 qui,
705 4153 735 4202 V.
883 4149 903 4184 ²³
916 4153 1077 4216 Corinthios]
1102 4157 1114 4202 l
1137 4154 1196 4202 Cor.
1215 4153 1252 4202 iii.
1271 4156 1312 4213 1⁰,

392 4216 403 4247 ²
415 4221 561 4282 ligeriana]
579 4222 740 4286 Instinctam,
756 4224 785 4273 V.
849 4228 897 4283 183
914 4239 939 4272 v.
951 4228 976 4286 o,
987 4229 1020 4286 9⁴3
1037 4228 1053 4272 2
1065 4224 1123 4274 Cor.
1131 4225 1165 4274 iv.
1177 4223 1257 4284 2311.
1270 4226 1311 4272 1³.

393 4285 411 4317 ¹¹
427 4290 536 4352 Quom]
554 4292 658 4356 Quaero,
670 4293 704 4340 B.
