<?xml version="1.0" encoding="UTF-8"?>
<!DOCTYPE html PUBLIC "-//W3C//DTD XHTML 1.0 Transitional//EN"
    "http://www.w3.org/TR/xhtml1/DTD/xhtml1-transitional.dtd">
<html xmlns="http://www.w3.org/1999/xhtml" xml:lang="en" lang="en">
 <head>
  <title>
</title>
<meta http-equiv="Content-Type" content="text/html;charset=utf-8" />
  <meta name='ocr-system' content='tesseract 3.04.00' />
  <meta name='ocr-capabilities' content='ocr_page ocr_carea ocr_par ocr_line ocrx_word'/>
</head>
<body>
  <div class='ocr_page' id='page_1' title='image "./gildasdeexcidio01gildgoog_0099.png"; bbox 0 0 3014 5046; ppageno 0'>
   <div class='ocr_carea' id='block_1_1' title="bbox 491 446 1129 512">
    <p class='ocr_par' dir='ltr' id='par_1_1' title="bbox 491 446 1129 512">
     <span class='ocr_line' id='line_1_1' title="bbox 491 446 1129 512; baseline 0.002 -3"><span class='ocrx_word' id='word_1_1' title='bbox 491 463 663 511; x_wconf 75' lang='lat' dir='ltr'><strong>neronom</strong></span> <span class='ocrx_word' id='word_1_2' title='bbox 686 465 816 512; x_wconf 77' lang='lat' dir='ltr'><strong>cinon.</strong></span> <span class='ocrx_word' id='word_1_3' title='bbox 1086 446 1129 510; x_wconf 82' lang='grc'><strong>47</strong></span> 
     </span>
    </p>
   </div>
   <div class='ocr_carea' id='block_1_2' title="bbox 72 620 1335 3702">
    <p class='ocr_par' dir='ltr' id='par_1_2' title="bbox 72 620 1335 3702">
     <span class='ocr_line' id='line_1_2' title="bbox 177 620 1132 705; baseline -0.002 -20"><span class='ocrx_word' id='word_1_4' title='bbox 177 621 239 685; x_wconf 91' lang='lat' dir='ltr'><strong>lite</strong></span> <span class='ocrx_word' id='word_1_5' title='bbox 249 620 374 705; x_wconf 84' lang='lat' dir='ltr'><strong>jugum</strong></span> <span class='ocrx_word' id='word_1_6' title='bbox 393 640 507 684; x_wconf 89' lang='lat' dir='ltr'><strong>meum</strong></span> <span class='ocrx_word' id='word_1_7' title='bbox 529 639 723 704; x_wconf 87' lang='lat' dir='ltr'><strong>supervos,</strong></span> <span class='ocrx_word' id='word_1_8' title='bbox 738 627 774 684; x_wconf 91' lang='lat' dir='ltr'><strong>et</strong></span> <span class='ocrx_word' id='word_1_9' title='bbox 795 621 917 685; x_wconf 82' lang='lat' dir='ltr'><strong>discite</strong></span> <span class='ocrx_word' id='word_1_10' title='bbox 933 640 954 684; x_wconf 96' lang='lat' dir='ltr'><strong>a</strong></span> <span class='ocrx_word' id='word_1_11' title='bbox 968 640 1034 697; x_wconf 92' lang='lat' dir='ltr'><strong>me,</strong></span> <span class='ocrx_word' id='word_1_12' title='bbox 1048 620 1132 702; x_wconf 88' lang='lat' dir='ltr'><strong>quia</strong></span> 
     </span>
     <span class='ocr_line' id='line_1_3' title="bbox 177 721 1131 803; baseline -0.001 -19"><span class='ocrx_word' id='word_1_13' title='bbox 177 721 271 785; x_wconf 89' lang='lat' dir='ltr'><strong>mitis</strong></span> <span class='ocrx_word' id='word_1_14' title='bbox 294 729 420 785; x_wconf 87' lang='lat' dir='ltr'><strong>sumet</strong></span> <span class='ocrx_word' id='word_1_15' title='bbox 435 721 573 785; x_wconf 86' lang='lat' dir='ltr'><strong>humilis</strong></span> <span class='ocrx_word' id='word_1_16' title='bbox 595 721 711 799; x_wconf 87' lang='lat' dir='ltr'><strong>corde,</strong></span> <span class='ocrx_word' id='word_1_17' title='bbox 733 729 770 786; x_wconf 92' lang='lat' dir='ltr'><strong>et</strong></span> <span class='ocrx_word' id='word_1_18' title='bbox 781 722 964 787; x_wconf 88' lang='lat' dir='ltr'><strong>invenietis</strong></span> <span class='ocrx_word' id='word_1_19' title='bbox 979 722 1131 803; x_wconf 84' lang='lat' dir='ltr'><strong>requiem</strong></span> 
     </span>
     <span class='ocr_line' id='line_1_4' title="bbox 179 822 1131 886; baseline 0 -2"><span class='ocrx_word' id='word_1_20' title='bbox 179 823 358 886; x_wconf 83' lang='lat' dir='ltr'><strong>animabus</strong></span> <span class='ocrx_word' id='word_1_21' title='bbox 387 823 522 886; x_wconf 79' lang='lat' dir='ltr'><strong>vestris,</strong></span> <span class='ocrx_word' id='word_1_22' title='bbox 576 822 670 885; x_wconf 90' lang='lat' dir='ltr'><strong>Nam</strong></span> <span class='ocrx_word' id='word_1_23' title='bbox 695 823 725 885; x_wconf 91' lang='lat' dir='ltr'><strong>si</strong></span> <span class='ocrx_word' id='word_1_24' title='bbox 750 822 824 885; x_wconf 89' lang='lat' dir='ltr'><strong>haec</strong></span> <span class='ocrx_word' id='word_1_25' title='bbox 848 822 961 885; x_wconf 87' lang='lat' dir='ltr'><strong>surdis</strong></span> <span class='ocrx_word' id='word_1_26' title='bbox 991 822 1131 885; x_wconf 89' lang='lat' dir='ltr'><strong>auribus</strong></span> 
     </span>
     <span class='ocr_line' id='line_1_5' title="bbox 179 921 1131 1004; baseline -0.002 -19"><span class='ocrx_word' id='word_1_27' title='bbox 179 922 313 998; x_wconf 67' lang='lat' dir='ltr'><strong>audias</strong></span> <span class='ocrx_word' id='word_1_28' title='bbox 330 922 525 1004; x_wconf 80' lang='lat' dir='ltr'>Prophetas</span> <span class='ocrx_word' id='word_1_29' title='bbox 549 929 764 998; x_wconf 90' lang='lat' dir='ltr'><strong>contemnas,</strong></span> <span class='ocrx_word' id='word_1_30' title='bbox 786 921 962 986; x_wconf 83' lang='lat' dir='ltr'><strong>Christum</strong></span> <span class='ocrx_word' id='word_1_31' title='bbox 985 921 1131 1003; x_wconf 91' lang='lat' dir='ltr'><strong>despici-</strong></span> 
     </span>
     <span class='ocr_line' id='line_1_6' title="bbox 72 1022 1132 1105; baseline -0.008 -14"><span class='ocrx_word' id='word_1_32' title='bbox 72 1085 75 1090; x_wconf 93' lang='lat'>.</span> <span class='ocrx_word' id='word_1_33' title='bbox 150 1042 239 1101; x_wconf 76' lang='lat' dir='ltr'><strong>aas;</strong></span> <span class='ocrx_word' id='word_1_34' title='bbox 268 1042 412 1105; x_wconf 88' lang='lat' dir='ltr'><strong>nosque,</strong></span> <span class='ocrx_word' id='word_1_35' title='bbox 428 1023 509 1085; x_wconf 91' lang='lat' dir='ltr'><strong>licet</strong></span> <span class='ocrx_word' id='word_1_36' title='bbox 523 1023 698 1087; x_wconf 85' lang='lat' dir='ltr'><strong>vilissimae</strong></span> <span class='ocrx_word' id='word_1_37' title='bbox 716 1022 894 1103; x_wconf 83' lang='lat' dir='ltr'><strong>qualitatis</strong></span> <span class='ocrx_word' id='word_1_38' title='bbox 917 1023 1037 1098; x_wconf 81' lang='lat' dir='ltr'><strong>simne,</strong></span> <span class='ocrx_word' id='word_1_39' title='bbox 1055 1022 1132 1083; x_wconf 91' lang='lat' dir='ltr'><strong>nul-</strong></span> 
     </span>
     <span class='ocr_line' id='line_1_7' title="bbox 180 1122 1134 1205; baseline 0.001 -21"><span class='ocrx_word' id='word_1_40' title='bbox 180 1123 247 1184; x_wconf 89' lang='lat' dir='ltr'><strong>lius</strong></span> <span class='ocrx_word' id='word_1_41' title='bbox 284 1123 450 1185; x_wconf 86' lang='lat' dir='ltr'><strong>momenti</strong></span> <span class='ocrx_word' id='word_1_42' title='bbox 476 1122 594 1199; x_wconf 91' lang='lat' dir='ltr'><strong>ducas,</strong></span> <span class='ocrx_word' id='word_1_43' title='bbox 621 1123 859 1205; x_wconf 87' lang='lat' dir='ltr'><strong>propheticum</strong></span> <span class='ocrx_word' id='word_1_44' title='bbox 883 1122 969 1185; x_wconf 92' lang='lat' dir='ltr'><strong>illud</strong></span> <span class='ocrx_word' id='word_1_45' title='bbox 999 1123 1134 1185; x_wconf 88' lang='lat' dir='ltr'><strong>sincera</strong></span> 
     </span>
     <span class='ocr_line' id='line_1_8' title="bbox 181 1222 1133 1304; baseline 0.001 -20"><span class='ocrx_word' id='word_1_46' title='bbox 181 1222 288 1285; x_wconf 87' lang='lat' dir='ltr'><strong>animi</strong></span> <span class='ocrx_word' id='word_1_47' title='bbox 311 1223 463 1304; x_wconf 89' lang='lat' dir='ltr'><strong>puritate</strong></span> <span class='ocrx_word' id='word_1_48' title='bbox 490 1230 680 1299; x_wconf 89' lang='lat' dir='ltr'><strong>servantes,</strong></span> <span class='ocrx_word' id='word_1_49' title='bbox 709 1229 885 1304; x_wconf 91' lang='lat' dir='ltr'><strong>utcunque</strong></span> <span class='ocrx_word' id='word_1_50' title='bbox 911 1223 941 1285; x_wconf 91' lang='lat' dir='ltr'><strong>si</strong></span> <span class='ocrx_word' id='word_1_51' title='bbox 972 1242 1042 1285; x_wconf 91' lang='lat' dir='ltr'><strong>non</strong></span> <span class='ocrx_word' id='word_1_52' title='bbox 1068 1242 1133 1304; x_wconf 85' lang='lat' dir='ltr'><strong>ego</strong></span> 
     </span>
     <span class='ocr_line' id='line_1_9' title="bbox 180 1321 1134 1405; baseline 0.001 -21"><span class='ocrx_word' id='word_1_53' title='bbox 180 1323 369 1404; x_wconf 84' lang='lat' dir='ltr'><strong>implevero</strong></span> <span class='ocrx_word' id='word_1_54' title='bbox 391 1321 628 1387; x_wconf 86' lang='lat' dir='ltr'><strong>fortitudinem</strong></span> <span class='ocrx_word' id='word_1_55' title='bbox 652 1324 688 1386; x_wconf 91' lang='lat' dir='ltr'><strong>in</strong></span> <span class='ocrx_word' id='word_1_56' title='bbox 711 1323 834 1405; x_wconf 89' lang='lat' dir='ltr'><strong>spiritu</strong></span> <span class='ocrx_word' id='word_1_57' title='bbox 860 1330 896 1386; x_wconf 91' lang='lat' dir='ltr'><strong>et</strong></span> <span class='ocrx_word' id='word_1_58' title='bbox 917 1323 1044 1387; x_wconf 91' lang='lat' dir='ltr'><strong>virtute</strong></span> <span class='ocrx_word' id='word_1_59' title='bbox 1060 1322 1134 1385; x_wconf 90' lang='lat' dir='ltr'><strong>Do-</strong></span> 
     </span>
     <span class='ocr_line' id='line_1_10' title="bbox 182 1422 1136 1506; baseline 0 -21"><span class='ocrx_word' id='word_1_60' title='bbox 182 1422 277 1499; x_wconf 90' lang='lat' dir='ltr'><strong>mini,</strong></span> <span class='ocrx_word' id='word_1_61' title='bbox 293 1430 333 1486; x_wconf 93' lang='lat' dir='ltr'><strong>ut</strong></span> <span class='ocrx_word' id='word_1_62' title='bbox 346 1423 528 1486; x_wconf 89' lang='lat' dir='ltr'><strong>enunciam</strong></span> <span class='ocrx_word' id='word_1_63' title='bbox 542 1423 659 1487; x_wconf 88' lang='lat' dir='ltr'><strong>domui</strong></span> <span class='ocrx_word' id='word_1_64' title='bbox 673 1422 786 1487; x_wconf 86' lang='lat' dir='ltr'><strong>Jacob</strong></span> <span class='ocrx_word' id='word_1_65' title='bbox 801 1429 945 1506; x_wconf 87' lang='lat' dir='ltr'><strong>peccata</strong></span> <span class='ocrx_word' id='word_1_66' title='bbox 967 1441 1086 1486; x_wconf 89' lang='lat' dir='ltr'><strong>eorum</strong></span> <span class='ocrx_word' id='word_1_67' title='bbox 1100 1430 1136 1486; x_wconf 90' lang='lat' dir='ltr'><strong>et</strong></span> 
     </span>
     <span class='ocr_line' id='line_1_11' title="bbox 137 1522 1136 1600; baseline 0.001 -15"><span class='ocrx_word' id='word_1_68' title='bbox 137 1541 169 1586; x_wconf 81' lang='lat' dir='ltr'><strong>ro</strong></span> <span class='ocrx_word' id='word_1_69' title='bbox 181 1522 299 1586; x_wconf 91' lang='lat' dir='ltr'><strong>domui</strong></span> <span class='ocrx_word' id='word_1_70' title='bbox 313 1522 424 1586; x_wconf 90' lang='lat' dir='ltr'><strong>Israel</strong></span> <span class='ocrx_word' id='word_1_71' title='bbox 440 1524 572 1587; x_wconf 89' lang='lat' dir='ltr'><strong>scelera</strong></span> <span class='ocrx_word' id='word_1_72' title='bbox 593 1544 723 1600; x_wconf 89' lang='lat' dir='ltr'><strong>eorum,</strong></span> <span class='ocrx_word' id='word_1_73' title='bbox 739 1544 782 1587; x_wconf 92' lang='lat' dir='ltr'><strong>ne</strong></span> <span class='ocrx_word' id='word_1_74' title='bbox 798 1525 905 1587; x_wconf 91' lang='lat' dir='ltr'><strong>simus</strong></span> <span class='ocrx_word' id='word_1_75' title='bbox 923 1541 1028 1586; x_wconf 87' lang='lat' dir='ltr'><strong>canes</strong></span> <span class='ocrx_word' id='word_1_76' title='bbox 1048 1523 1136 1586; x_wconf 90' lang='lat' dir='ltr'><strong>muti</strong></span> 
     </span>
     <span class='ocr_line' id='line_1_12' title="bbox 183 1623 1137 1700; baseline -0.001 -14"><span class='ocrx_word' id='word_1_77' title='bbox 183 1643 253 1686; x_wconf 90' lang='lat' dir='ltr'><strong>non</strong></span> <span class='ocrx_word' id='word_1_78' title='bbox 281 1624 438 1687; x_wconf 89' lang='lat' dir='ltr'><strong>valentes</strong></span> <span class='ocrx_word' id='word_1_79' title='bbox 466 1624 606 1688; x_wconf 88' lang='lat' dir='ltr'><strong>latrare.</strong></span> <span class='ocrx_word' id='word_1_80' title='bbox 659 1624 706 1687; x_wconf 90' lang='lat' dir='ltr'><strong>Et</strong></span> <span class='ocrx_word' id='word_1_81' title='bbox 732 1624 817 1687; x_wconf 92' lang='lat' dir='ltr'><strong>illud</strong></span> <span class='ocrx_word' id='word_1_82' title='bbox 847 1623 1053 1700; x_wconf 89' lang='lat' dir='ltr'><strong>Salomonis,</strong></span> <span class='ocrx_word' id='word_1_83' title='bbox 1085 1624 1137 1686; x_wconf 90' lang='lat' dir='ltr'><strong>ita</strong></span> 
     </span>
     <span class='ocr_line' id='line_1_13' title="bbox 184 1722 1136 1806; baseline -0.002 -20"><span class='ocrx_word' id='word_1_84' title='bbox 184 1723 341 1800; x_wconf 89' lang='lat' dir='ltr'><strong>dicentis,</strong></span> <span class='ocrx_word' id='word_1_85' title='bbox 367 1722 437 1801; x_wconf 84' lang='lat' dir='ltr'><strong>Qui</strong></span> <span class='ocrx_word' id='word_1_86' title='bbox 465 1723 550 1787; x_wconf 91' lang='lat' dir='ltr'><strong>dicit</strong></span> <span class='ocrx_word' id='word_1_87' title='bbox 578 1724 722 1805; x_wconf 92' lang='lat' dir='ltr'><strong>impium</strong></span> <span class='ocrx_word' id='word_1_88' title='bbox 746 1724 882 1806; x_wconf 85' lang='lat' dir='ltr'><strong>justum</strong></span> <span class='ocrx_word' id='word_1_89' title='bbox 916 1742 1004 1800; x_wconf 86' lang='lat' dir='ltr'><strong>esse,</strong></span> <span class='ocrx_word' id='word_1_90' title='bbox 1029 1723 1136 1785; x_wconf 87' lang='lat' dir='ltr'><strong>male-</strong></span> 
     </span>
     <span class='ocr_line' id='line_1_14' title="bbox 182 1823 1138 1905; baseline 0 -20"><span class='ocrx_word' id='word_1_91' title='bbox 182 1823 297 1885; x_wconf 90' lang='lat' dir='ltr'><strong>dictus</strong></span> <span class='ocrx_word' id='word_1_92' title='bbox 320 1823 386 1885; x_wconf 86' lang='lat' dir='ltr'><strong>erit</strong></span> <span class='ocrx_word' id='word_1_93' title='bbox 408 1824 545 1905; x_wconf 87' lang='lat' dir='ltr'><strong>populis</strong></span> <span class='ocrx_word' id='word_1_94' title='bbox 571 1830 606 1886; x_wconf 93' lang='lat' dir='ltr'><strong>et</strong></span> <span class='ocrx_word' id='word_1_95' title='bbox 631 1823 769 1887; x_wconf 83' lang='lat' dir='ltr'><strong>odibilis</strong></span> <span class='ocrx_word' id='word_1_96' title='bbox 789 1824 962 1904; x_wconf 67' lang='lat' dir='ltr'><strong>gentibus</strong></span> <span class='ocrx_word' id='word_1_97' title='bbox 976 1842 1056 1886; x_wconf 88' lang='lat' dir='ltr'><strong>nam</strong></span> <span class='ocrx_word' id='word_1_98' title='bbox 1079 1823 1138 1905; x_wconf 93' lang='lat' dir='ltr'><strong>qui</strong></span> 
     </span>
     <span class='ocr_line' id='line_1_15' title="bbox 185 1922 1136 2005; baseline 0 -19"><span class='ocrx_word' id='word_1_99' title='bbox 185 1930 337 2004; x_wconf 84' lang='lat' dir='ltr'><strong>arguunt</strong></span> <span class='ocrx_word' id='word_1_100' title='bbox 352 1924 496 1986; x_wconf 88' lang='lat' dir='ltr'><strong>meliora</strong></span> <span class='ocrx_word' id='word_1_101' title='bbox 517 1925 718 2005; x_wconf 88' lang='lat' dir='ltr'><strong>sperabunt.</strong></span> <span class='ocrx_word' id='word_1_102' title='bbox 769 1922 816 1987; x_wconf 91' lang='lat' dir='ltr'><strong>Et</strong></span> <span class='ocrx_word' id='word_1_103' title='bbox 831 1924 967 2000; x_wconf 90' lang='lat' dir='ltr'><strong>iterum,</strong></span> <span class='ocrx_word' id='word_1_104' title='bbox 983 1922 1067 1987; x_wconf 91' lang='lat' dir='ltr'><strong>Non</strong></span> <span class='ocrx_word' id='word_1_105' title='bbox 1083 1943 1136 1986; x_wconf 91' lang='lat' dir='ltr'><strong>re-</strong></span> 
     </span>
     <span class='ocr_line' id='line_1_16' title="bbox 141 2023 1139 2104; baseline 0.003 -21"><span class='ocrx_word' id='word_1_106' title='bbox 141 2023 335 2089; x_wconf 73' lang='lat' dir='ltr'><strong>reverearis</strong></span> <span class='ocrx_word' id='word_1_107' title='bbox 360 2024 557 2104; x_wconf 85' lang='lat' dir='ltr'><strong>proximum</strong></span> <span class='ocrx_word' id='word_1_108' title='bbox 580 2023 617 2086; x_wconf 93' lang='lat' dir='ltr'><strong>in</strong></span> <span class='ocrx_word' id='word_1_109' title='bbox 639 2040 758 2086; x_wconf 81' lang='lat' dir='ltr'><strong>casum</strong></span> <span class='ocrx_word' id='word_1_110' title='bbox 775 2043 888 2100; x_wconf 88' lang='lat' dir='ltr'><strong>suum,</strong></span> <span class='ocrx_word' id='word_1_111' title='bbox 902 2043 966 2086; x_wconf 91' lang='lat' dir='ltr'><strong>nec</strong></span> <span class='ocrx_word' id='word_1_112' title='bbox 989 2025 1139 2086; x_wconf 84' lang='lat' dir='ltr'><strong>retineas</strong></span> 
     </span>
     <span class='ocr_line' id='line_1_17' title="bbox 186 2123 1139 2206; baseline 0 -19"><span class='ocrx_word' id='word_1_113' title='bbox 186 2125 328 2187; x_wconf 88' lang='lat' dir='ltr'><strong>verbum</strong></span> <span class='ocrx_word' id='word_1_114' title='bbox 350 2125 386 2186; x_wconf 92' lang='lat' dir='ltr'><strong>in</strong></span> <span class='ocrx_word' id='word_1_115' title='bbox 408 2131 563 2206; x_wconf 90' lang='lat' dir='ltr'><strong>tempore</strong></span> <span class='ocrx_word' id='word_1_116' title='bbox 578 2123 712 2188; x_wconf 81' lang='lat' dir='ltr'><strong>salutis.</strong></span> <span class='ocrx_word' id='word_1_117' title='bbox 765 2124 936 2206; x_wconf 84' lang='lat' dir='ltr'><strong>Itemque,</strong></span> <span class='ocrx_word' id='word_1_118' title='bbox 953 2124 1045 2187; x_wconf 87' lang='lat' dir='ltr'><strong>Erue</strong></span> <span class='ocrx_word' id='word_1_119' title='bbox 1067 2143 1139 2201; x_wconf 76' lang='lat' dir='ltr'><strong>eoS,</strong></span> 
     </span>
     <span class='ocr_line' id='line_1_18' title="bbox 187 2224 1139 2306; baseline 0 -20"><span class='ocrx_word' id='word_1_120' title='bbox 187 2225 247 2304; x_wconf 92' lang='lat' dir='ltr'><strong>qui</strong></span> <span class='ocrx_word' id='word_1_121' title='bbox 261 2224 435 2288; x_wconf 88' lang='lat' dir='ltr'><strong>ducuntur</strong></span> <span class='ocrx_word' id='word_1_122' title='bbox 447 2225 492 2287; x_wconf 91' lang='lat' dir='ltr'><strong>ad</strong></span> <span class='ocrx_word' id='word_1_123' title='bbox 506 2231 663 2302; x_wconf 88' lang='lat' dir='ltr'><strong>mortem,</strong></span> <span class='ocrx_word' id='word_1_124' title='bbox 678 2232 713 2288; x_wconf 89' lang='lat' dir='ltr'><strong>et</strong></span> <span class='ocrx_word' id='word_1_125' title='bbox 727 2225 892 2289; x_wconf 84' lang='lat' dir='ltr'><strong>redimere</strong></span> <span class='ocrx_word' id='word_1_126' title='bbox 915 2244 987 2302; x_wconf 77' lang='lat' dir='ltr'><strong>coe,</strong></span> <span class='ocrx_word' id='word_1_127' title='bbox 1004 2227 1064 2306; x_wconf 93' lang='lat' dir='ltr'><strong>qui</strong></span> <span class='ocrx_word' id='word_1_128' title='bbox 1086 2226 1139 2287; x_wconf 92' lang='lat' dir='ltr'><strong>in-</strong></span> 
     </span>
     <span class='ocr_line' id='line_1_19' title="bbox 187 2324 1140 2408; baseline 0.002 -21"><span class='ocrx_word' id='word_1_129' title='bbox 187 2324 413 2401; x_wconf 88' lang='lat' dir='ltr'><strong>terficiantur,</strong></span> <span class='ocrx_word' id='word_1_130' title='bbox 438 2342 483 2388; x_wconf 89' lang='lat' dir='ltr'><strong>ne</strong></span> <span class='ocrx_word' id='word_1_131' title='bbox 506 2344 650 2406; x_wconf 81' lang='lat' dir='ltr'><strong>parcas3</strong></span> <span class='ocrx_word' id='word_1_132' title='bbox 676 2325 769 2404; x_wconf 83' lang='lat' dir='ltr'><strong>Quia</strong></span> <span class='ocrx_word' id='word_1_133' title='bbox 791 2346 862 2389; x_wconf 91' lang='lat' dir='ltr'><strong>non</strong></span> <span class='ocrx_word' id='word_1_134' title='bbox 876 2325 1077 2408; x_wconf 89' lang='lat' dir='ltr'><strong>proderunt,</strong></span> <span class='ocrx_word' id='word_1_135' title='bbox 1100 2333 1140 2389; x_wconf 93' lang='lat' dir='ltr'><strong>ut</strong></span> 
     </span>
     <span class='ocr_line' id='line_1_20' title="bbox 187 2423 1139 2508; baseline 0.003 -22"><span class='ocrx_word' id='word_1_136' title='bbox 187 2423 277 2487; x_wconf 93' lang='lat' dir='ltr'><strong>idem</strong></span> <span class='ocrx_word' id='word_1_137' title='bbox 292 2424 470 2507; x_wconf 87' lang='lat' dir='ltr'><strong>Propheta</strong></span> <span class='ocrx_word' id='word_1_138' title='bbox 493 2425 554 2501; x_wconf 86' lang='lat' dir='ltr'><strong>ait,</strong></span> <span class='ocrx_word' id='word_1_139' title='bbox 574 2425 704 2490; x_wconf 86' lang='lat' dir='ltr'><strong>divitiae</strong></span> <span class='ocrx_word' id='word_1_140' title='bbox 726 2427 763 2488; x_wconf 94' lang='lat' dir='ltr'><strong>in</strong></span> <span class='ocrx_word' id='word_1_141' title='bbox 785 2427 840 2489; x_wconf 94' lang='lat' dir='ltr'><strong>die</strong></span> <span class='ocrx_word' id='word_1_142' title='bbox 862 2427 936 2502; x_wconf 90' lang='lat' dir='ltr'><strong>irae,</strong></span> <span class='ocrx_word' id='word_1_143' title='bbox 954 2426 1095 2508; x_wconf 88' lang='lat' dir='ltr'><strong>justitia</strong></span> <span class='ocrx_word' id='word_1_144' title='bbox 1117 2444 1139 2489; x_wconf 88' lang='lat' dir='ltr'><strong>a</strong></span> 
     </span>
     <span class='ocr_line' id='line_1_21' title="bbox 142 2524 1139 2607; baseline -0.007 -14"><span class='ocrx_word' id='word_1_145' title='bbox 142 2546 175 2593; x_wconf 78' lang='lat' dir='ltr'><strong>ao</strong></span> <span class='ocrx_word' id='word_1_146' title='bbox 188 2532 298 2588; x_wconf 89' lang='lat' dir='ltr'><strong>morte</strong></span> <span class='ocrx_word' id='word_1_147' title='bbox 319 2525 455 2589; x_wconf 89' lang='lat' dir='ltr'><strong>liberat.</strong></span> <span class='ocrx_word' id='word_1_148' title='bbox 509 2525 547 2587; x_wconf 90' lang='lat' dir='ltr'><strong>Si</strong></span> <span class='ocrx_word' id='word_1_149' title='bbox 565 2525 683 2607; x_wconf 91' lang='lat' dir='ltr'><strong>justus</strong></span> <span class='ocrx_word' id='word_1_150' title='bbox 704 2524 842 2606; x_wconf 89' lang='lat' dir='ltr'><strong>quidem</strong></span> <span class='ocrx_word' id='word_1_151' title='bbox 856 2524 919 2589; x_wconf 87' lang='lat' dir='ltr'><strong>vix</strong></span> <span class='ocrx_word' id='word_1_152' title='bbox 939 2525 1057 2588; x_wconf 89' lang='lat' dir='ltr'><strong>salvus</strong></span> <span class='ocrx_word' id='word_1_153' title='bbox 1081 2525 1139 2600; x_wconf 92' lang='lat' dir='ltr'><strong>sit,</strong></span> 
     </span>
     <span class='ocr_line' id='line_1_22' title="bbox 187 2623 1141 2708; baseline -0.001 -21"><span class='ocrx_word' id='word_1_154' title='bbox 187 2625 314 2708; x_wconf 87' lang='lat' dir='ltr'><strong>impius</strong></span> <span class='ocrx_word' id='word_1_155' title='bbox 329 2631 364 2687; x_wconf 93' lang='lat' dir='ltr'><strong>et</strong></span> <span class='ocrx_word' id='word_1_156' title='bbox 378 2629 540 2707; x_wconf 89' lang='lat' dir='ltr'><strong>peccator</strong></span> <span class='ocrx_word' id='word_1_157' title='bbox 553 2625 612 2687; x_wconf 93' lang='lat' dir='ltr'><strong>ubi</strong></span> <span class='ocrx_word' id='word_1_158' title='bbox 626 2625 786 2705; x_wconf 84' lang='lat' dir='ltr'><strong>parebitl</strong></span> <span class='ocrx_word' id='word_1_159' title='bbox 839 2623 906 2687; x_wconf 94' lang='lat' dir='ltr'><strong>Ille</strong></span> <span class='ocrx_word' id='word_1_160' title='bbox 927 2623 1083 2705; x_wconf 89' lang='lat' dir='ltr'><strong>profecto</strong></span> <span class='ocrx_word' id='word_1_161' title='bbox 1106 2631 1141 2686; x_wconf 91' lang='lat' dir='ltr'><strong>te</strong></span> 
     </span>
     <span class='ocr_line' id='line_1_23' title="bbox 188 2722 1141 2799; baseline -0.002 -11"><span class='ocrx_word' id='word_1_162' title='bbox 188 2726 390 2788; x_wconf 87' lang='lat' dir='ltr'><strong>tenebrosus</strong></span> <span class='ocrx_word' id='word_1_163' title='bbox 419 2724 559 2787; x_wconf 86' lang='lat' dir='ltr'><strong>Tartari</strong></span> <span class='ocrx_word' id='word_1_164' title='bbox 589 2731 723 2787; x_wconf 89' lang='lat' dir='ltr'><strong>torrens</strong></span> <span class='ocrx_word' id='word_1_165' title='bbox 754 2723 852 2786; x_wconf 87' lang='lat' dir='ltr'><strong>ferali</strong></span> <span class='ocrx_word' id='word_1_166' title='bbox 880 2730 1009 2799; x_wconf 88' lang='lat' dir='ltr'><strong>rotatu,</strong></span> <span class='ocrx_word' id='word_1_167' title='bbox 1040 2722 1141 2786; x_wconf 91' lang='lat' dir='ltr'><strong>undis</strong></span> 
     </span>
     <span class='ocr_line' id='line_1_24' title="bbox 189 2824 1143 2905; baseline -0.002 -17"><span class='ocrx_word' id='word_1_168' title='bbox 189 2825 262 2888; x_wconf 87' lang='lat' dir='ltr'><strong>acsi</strong></span> <span class='ocrx_word' id='word_1_169' title='bbox 291 2825 478 2901; x_wconf 81' lang='lat' dir='ltr'><strong>acerrimiS,</strong></span> <span class='ocrx_word' id='word_1_170' title='bbox 508 2824 664 2888; x_wconf 86' lang='lat' dir='ltr'><strong>involvet</strong></span> <span class='ocrx_word' id='word_1_171' title='bbox 699 2843 833 2905; x_wconf 90' lang='lat' dir='ltr'><strong>semper</strong></span> <span class='ocrx_word' id='word_1_172' title='bbox 861 2824 1077 2887; x_wconf 89' lang='lat' dir='ltr'><strong>cruciaturus</strong></span> <span class='ocrx_word' id='word_1_173' title='bbox 1108 2829 1143 2886; x_wconf 90' lang='lat' dir='ltr'><strong>et</strong></span> 
     </span>
     <span class='ocr_line' id='line_1_25' title="bbox 190 2925 1142 3007; baseline -0.002 -19"><span class='ocrx_word' id='word_1_174' title='bbox 190 2944 367 3007; x_wconf 87' lang='lat' dir='ltr'><strong>nunquam</strong></span> <span class='ocrx_word' id='word_1_175' title='bbox 389 2933 644 3002; x_wconf 89' lang='lat' dir='ltr'><strong>consumturus,</strong></span> <span class='ocrx_word' id='word_1_176' title='bbox 667 2926 722 2988; x_wconf 92' lang='lat' dir='ltr'><strong>cui</strong></span> <span class='ocrx_word' id='word_1_177' title='bbox 745 2932 828 2988; x_wconf 91' lang='lat' dir='ltr'><strong>tunc</strong></span> <span class='ocrx_word' id='word_1_178' title='bbox 849 2925 915 2988; x_wconf 90' lang='lat' dir='ltr'><strong>erit</strong></span> <span class='ocrx_word' id='word_1_179' title='bbox 938 2943 1016 2988; x_wconf 89' lang='lat' dir='ltr'><strong>sera</strong></span> <span class='ocrx_word' id='word_1_180' title='bbox 1037 2925 1142 2987; x_wconf 91' lang='lat' dir='ltr'><strong>inuti-</strong></span> 
     </span>
     <span class='ocr_line' id='line_1_26' title="bbox 144 3024 1144 3108; baseline -0.005 -16"><span class='ocrx_word' id='word_1_181' title='bbox 144 3046 176 3092; x_wconf 72' lang='lat' dir='ltr'><strong>as</strong></span> <span class='ocrx_word' id='word_1_182' title='bbox 189 3024 300 3108; x_wconf 91' lang='lat' dir='ltr'><strong>lisque</strong></span> <span class='ocrx_word' id='word_1_183' title='bbox 323 3045 437 3107; x_wconf 77' lang='lat' dir='ltr'><strong>poenae</strong></span> <span class='ocrx_word' id='word_1_184' title='bbox 458 3026 596 3089; x_wconf 88' lang='lat' dir='ltr'><strong>oculata</strong></span> <span class='ocrx_word' id='word_1_185' title='bbox 619 3026 771 3106; x_wconf 88' lang='lat' dir='ltr'><strong>cognitio</strong></span> <span class='ocrx_word' id='word_1_186' title='bbox 794 3045 835 3089; x_wconf 91' lang='lat' dir='ltr'><strong>ac</strong></span> <span class='ocrx_word' id='word_1_187' title='bbox 858 3026 941 3089; x_wconf 91' lang='lat' dir='ltr'><strong>mali</strong></span> <span class='ocrx_word' id='word_1_188' title='bbox 953 3024 1144 3108; x_wconf 86' lang='lat' dir='ltr'><strong>plenitudo,</strong></span> 
     </span>
     <span class='ocr_line' id='line_1_27' title="bbox 191 3124 1145 3209; baseline -0.001 -21"><span class='ocrx_word' id='word_1_189' title='bbox 191 3144 213 3188; x_wconf 93' lang='lat' dir='ltr'><strong>a</strong></span> <span class='ocrx_word' id='word_1_190' title='bbox 234 3146 315 3207; x_wconf 91' lang='lat' dir='ltr'><strong>quo,</strong></span> <span class='ocrx_word' id='word_1_191' title='bbox 328 3127 364 3189; x_wconf 91' lang='lat' dir='ltr'><strong>in</strong></span> <span class='ocrx_word' id='word_1_192' title='bbox 380 3126 445 3190; x_wconf 94' lang='lat' dir='ltr'><strong>hoc</strong></span> <span class='ocrx_word' id='word_1_193' title='bbox 468 3132 622 3208; x_wconf 91' lang='lat' dir='ltr'><strong>tempore</strong></span> <span class='ocrx_word' id='word_1_194' title='bbox 641 3134 784 3209; x_wconf 88' lang='lat' dir='ltr'><strong>accepto</strong></span> <span class='ocrx_word' id='word_1_195' title='bbox 807 3135 842 3190; x_wconf 92' lang='lat' dir='ltr'><strong>et</strong></span> <span class='ocrx_word' id='word_1_196' title='bbox 864 3126 919 3189; x_wconf 92' lang='lat' dir='ltr'><strong>die</strong></span> <span class='ocrx_word' id='word_1_197' title='bbox 942 3126 1077 3203; x_wconf 87' lang='lat' dir='ltr'><strong>salutis,</strong></span> <span class='ocrx_word' id='word_1_198' title='bbox 1100 3124 1145 3188; x_wconf 90' lang='lat' dir='ltr'><strong>ad</strong></span> 
     </span>
     <span class='ocr_line' id='line_1_28' title="bbox 191 3226 891 3293; baseline -0.007 0"><span class='ocrx_word' id='word_1_199' title='bbox 191 3233 323 3293; x_wconf 84' lang='lat' dir='ltr'><strong>rectum</strong></span> <span class='ocrx_word' id='word_1_200' title='bbox 338 3227 420 3291; x_wconf 88' lang='lat' dir='ltr'><strong>vitae</strong></span> <span class='ocrx_word' id='word_1_201' title='bbox 435 3227 503 3289; x_wconf 91' lang='lat' dir='ltr'><strong>iter</strong></span> <span class='ocrx_word' id='word_1_202' title='bbox 518 3226 673 3290; x_wconf 89' lang='lat' dir='ltr'><strong>differtur</strong></span> <span class='ocrx_word' id='word_1_203' title='bbox 688 3227 891 3292; x_wconf 66' lang='lat' dir='ltr'><strong>conversio!</strong></span> 
     </span>
     <span class='ocr_line' id='line_1_29' title="bbox 243 3325 1335 3422; baseline -0.003 -32"><span class='ocrx_word' id='word_1_204' title='bbox 243 3326 327 3408; x_wconf 58' lang='lat'><strong>§32</strong></span> <span class='ocrx_word' id='word_1_205' title='bbox 353 3325 424 3389; x_wconf 91' lang='lat' dir='ltr'><strong>Hic</strong></span> <span class='ocrx_word' id='word_1_206' title='bbox 450 3345 545 3402; x_wconf 88' lang='lat' dir='ltr'><strong>sane,</strong></span> <span class='ocrx_word' id='word_1_207' title='bbox 572 3326 627 3390; x_wconf 88' lang='lat' dir='ltr'><strong>vel</strong></span> <span class='ocrx_word' id='word_1_208' title='bbox 655 3334 770 3402; x_wconf 89' lang='lat' dir='ltr'><strong>antea,</strong></span> <span class='ocrx_word' id='word_1_209' title='bbox 801 3325 1036 3389; x_wconf 90' lang='lat' dir='ltr'><strong>concludenda</strong></span> <span class='ocrx_word' id='word_1_210' title='bbox 1059 3332 1145 3402; x_wconf 88' lang='lat' dir='ltr'><strong>erat,</strong></span> <span class='ocrx_word' id='word_1_211' title='bbox 1158 3331 1288 3422; x_wconf 41' lang='lat' dir='ltr'><strong>mppr</strong></span> <span class='ocrx_word' id='word_1_212' title='bbox 1333 3409 1335 3412; x_wconf 9' lang='lat' dir='ltr'>y</span> 
     </span>
     <span class='ocr_line' id='line_1_30' title="bbox 191 3424 1146 3506; baseline -0.002 -18"><span class='ocrx_word' id='word_1_213' title='bbox 191 3426 244 3488; x_wconf 89' lang='lat' dir='ltr'><strong>uti</strong></span> <span class='ocrx_word' id='word_1_214' title='bbox 258 3446 301 3488; x_wconf 90' lang='lat' dir='ltr'><strong>ne</strong></span> <span class='ocrx_word' id='word_1_215' title='bbox 316 3424 464 3506; x_wconf 88' lang='lat' dir='ltr'><strong>amplius</strong></span> <span class='ocrx_word' id='word_1_216' title='bbox 477 3424 676 3505; x_wconf 91' lang='lat' dir='ltr'><strong>loqueretur</strong></span> <span class='ocrx_word' id='word_1_217' title='bbox 689 3444 728 3488; x_wconf 94' lang='lat' dir='ltr'><strong>os</strong></span> <span class='ocrx_word' id='word_1_218' title='bbox 744 3431 900 3487; x_wconf 89' lang='lat' dir='ltr'><strong>nostrum</strong></span> <span class='ocrx_word' id='word_1_219' title='bbox 916 3443 1022 3504; x_wconf 87' lang='lat' dir='ltr'><strong>opera</strong></span> <span class='ocrx_word' id='word_1_220' title='bbox 1036 3424 1146 3488; x_wconf 92' lang='lat' dir='ltr'><strong>homi-</strong></span> 
     </span>
     <span class='ocr_line' id='line_1_31' title="bbox 146 3523 1146 3605; baseline -0.005 -17"><span class='ocrx_word' id='word_1_221' title='bbox 146 3553 179 3598; x_wconf 68' lang='lat'><strong>30</strong></span> <span class='ocrx_word' id='word_1_222' title='bbox 192 3545 286 3601; x_wconf 90' lang='lat' dir='ltr'><strong>num,</strong></span> <span class='ocrx_word' id='word_1_223' title='bbox 304 3532 376 3588; x_wconf 87' lang='lat' dir='ltr'><strong>tam</strong></span> <span class='ocrx_word' id='word_1_224' title='bbox 392 3523 514 3586; x_wconf 88' lang='lat' dir='ltr'><strong>flebilis</strong></span> <span class='ocrx_word' id='word_1_225' title='bbox 533 3524 608 3587; x_wconf 87' lang='lat' dir='ltr'><strong>haec</strong></span> <span class='ocrx_word' id='word_1_226' title='bbox 630 3525 839 3605; x_wconf 88' lang='lat' dir='ltr'><strong>querelaque</strong></span> <span class='ocrx_word' id='word_1_227' title='bbox 858 3524 1027 3586; x_wconf 89' lang='lat' dir='ltr'><strong>malorum</strong></span> <span class='ocrx_word' id='word_1_228' title='bbox 1041 3523 1146 3605; x_wconf 90' lang='lat' dir='ltr'><strong>hujus</strong></span> 
     </span>
     <span class='ocr_line' id='line_1_32' title="bbox 192 3622 1146 3702; baseline -0.003 -14"><span class='ocrx_word' id='word_1_229' title='bbox 192 3626 260 3690; x_wconf 82' lang='lat' dir='ltr'><strong>aevi</strong></span> <span class='ocrx_word' id='word_1_230' title='bbox 279 3624 443 3702; x_wconf 82' lang='lat' dir='ltr'><strong>historia3</strong></span> <span class='ocrx_word' id='word_1_231' title='bbox 467 3623 527 3687; x_wconf 91' lang='lat' dir='ltr'><strong>sed</strong></span> <span class='ocrx_word' id='word_1_232' title='bbox 551 3644 594 3687; x_wconf 91' lang='lat' dir='ltr'><strong>ne</strong></span> <span class='ocrx_word' id='word_1_233' title='bbox 609 3623 848 3688; x_wconf 87' lang='lat' dir='ltr'><strong>formidolosos</strong></span> <span class='ocrx_word' id='word_1_234' title='bbox 869 3643 933 3687; x_wconf 88' lang='lat' dir='ltr'><strong>nos</strong></span> <span class='ocrx_word' id='word_1_235' title='bbox 954 3629 1015 3686; x_wconf 90' lang='lat' dir='ltr'><strong>aut</strong></span> <span class='ocrx_word' id='word_1_236' title='bbox 1034 3622 1146 3686; x_wconf 87' lang='lat' dir='ltr'><strong>lassos</strong></span> 
     </span>
    </p>
   </div>
   <div class='ocr_carea' id='block_1_3' title="bbox 192 3724 1148 3808">
    <p class='ocr_par' dir='ltr' id='par_1_3' title="bbox 192 3724 1148 3808">
     <span class='ocr_line' id='line_1_33' title="bbox 192 3724 1148 3808; baseline -0.004 -19"><span class='ocrx_word' id='word_1_237' title='bbox 192 3732 327 3808; x_wconf 89' lang='lat' dir='ltr'><strong>putent,</strong></span> <span class='ocrx_word' id='word_1_238' title='bbox 355 3724 539 3806; x_wconf 89' lang='lat' dir='ltr'><strong>quominus</strong></span> <span class='ocrx_word' id='word_1_239' title='bbox 565 3724 650 3788; x_wconf 93' lang='lat' dir='ltr'><strong>illud</strong></span> <span class='ocrx_word' id='word_1_240' title='bbox 676 3725 865 3789; x_wconf 88' lang='lat' dir='ltr'><strong>Esaianum</strong></span> <span class='ocrx_word' id='word_1_241' title='bbox 884 3724 1148 3806; x_wconf 79' lang='lat' dir='ltr'><strong>infatigabiliter</strong></span> 
     </span>
    </p>
   </div>
   <div class='ocr_carea' id='block_1_4' title="bbox 229 4028 1095 4306">
    <p class='ocr_par' dir='ltr' id='par_1_4' title="bbox 229 4028 1095 4306">
     <span class='ocr_line' id='line_1_34' title="bbox 229 4028 1080 4095; baseline -0.006 -14"><span class='ocrx_word' id='word_1_242' title='bbox 229 4030 239 4058; x_wconf 82' lang='lat'>⁸</span> <span class='ocrx_word' id='word_1_243' title='bbox 256 4033 458 4095; x_wconf 69' lang='lat' dir='ltr'><strong>Fortitudinem]</strong></span> <span class='ocrx_word' id='word_1_244' title='bbox 481 4033 511 4083; x_wconf 87' lang='lat' dir='ltr'><strong>V.</strong></span> <span class='ocrx_word' id='word_1_245' title='bbox 522 4049 529 4093; x_wconf 80' lang='lat'>3</span> <span class='ocrx_word' id='word_1_246' title='bbox 547 4048 592 4081; x_wconf 88' lang='lat' dir='ltr'><strong>om.</strong></span> <span class='ocrx_word' id='word_1_247' title='bbox 605 4032 640 4081; x_wconf 90' lang='grc' dir='ltr'><strong>Β.</strong></span> <span class='ocrx_word' id='word_1_248' title='bbox 724 4029 743 4060; x_wconf 83' lang='lat'><strong>¹⁹</strong></span> <span class='ocrx_word' id='word_1_249' title='bbox 755 4029 899 4092; x_wconf 75' lang='lat' dir='ltr'><strong>Propheta]</strong></span> <span class='ocrx_word' id='word_1_250' title='bbox 919 4029 994 4076; x_wconf 89' lang='lat' dir='ltr'><strong>Prov.</strong></span> <span class='ocrx_word' id='word_1_251' title='bbox 1007 4028 1043 4076; x_wconf 83' lang='lat' dir='ltr'><strong>xi.</strong></span> <span class='ocrx_word' id='word_1_252' title='bbox 1055 4031 1080 4076; x_wconf 76' lang='lat' dir='ltr'><strong>l.</strong></span> 
     </span>
     <span class='ocr_line' id='line_1_35' title="bbox 230 4097 1095 4169; baseline -0.007 -17"><span class='ocrx_word' id='word_1_253' title='bbox 230 4100 250 4134; x_wconf 89' lang='lat'><strong>¹¹</strong></span> <span class='ocrx_word' id='word_1_254' title='bbox 263 4097 420 4169; x_wconf 81' lang='lat' dir='ltr'><strong>Salomonis.]</strong></span> <span class='ocrx_word' id='word_1_255' title='bbox 439 4103 515 4152; x_wconf 88' lang='lat' dir='ltr'><strong>Prov.</strong></span> <span class='ocrx_word' id='word_1_256' title='bbox 528 4104 598 4152; x_wconf 79' lang='lat' dir='ltr'><strong>xxiv.</strong></span> <span class='ocrx_word' id='word_1_257' title='bbox 611 4107 652 4151; x_wconf 72' lang='lat'><strong>24.</strong></span> <span class='ocrx_word' id='word_1_258' title='bbox 721 4097 742 4130; x_wconf 70' lang='lat'><strong>²⁰</strong></span> <span class='ocrx_word' id='word_1_259' title='bbox 754 4101 784 4149; x_wconf 85' lang='lat' dir='ltr'><strong>Si</strong></span> <span class='ocrx_word' id='word_1_260' title='bbox 789 4097 894 4160; x_wconf 67' lang='lat' dir='ltr'><strong>justae]</strong></span> <span class='ocrx_word' id='word_1_261' title='bbox 910 4102 923 4145; x_wconf 94' lang='lat' dir='ltr'><strong>l</strong></span> <span class='ocrx_word' id='word_1_262' title='bbox 939 4099 996 4146; x_wconf 89' lang='lat' dir='ltr'><strong>Pet.</strong></span> <span class='ocrx_word' id='word_1_263' title='bbox 1007 4098 1041 4147; x_wconf 88' lang='lat' dir='ltr'><strong>iv.</strong></span> <span class='ocrx_word' id='word_1_264' title='bbox 1055 4101 1095 4146; x_wconf 88' lang='grc'><strong>18.</strong></span> 
     </span>
     <span class='ocr_line' id='line_1_36' title="bbox 231 4168 1071 4237; baseline -0.004 -16"><span class='ocrx_word' id='word_1_265' title='bbox 231 4172 250 4204; x_wconf 86' lang='lat'><strong>¹⁴</strong></span> <span class='ocrx_word' id='word_1_266' title='bbox 262 4175 377 4237; x_wconf 69' lang='lat' dir='ltr'><strong>Iterum]</strong></span> <span class='ocrx_word' id='word_1_267' title='bbox 396 4173 466 4221; x_wconf 88' lang='lat' dir='ltr'><strong>Eccl.</strong></span> <span class='ocrx_word' id='word_1_268' title='bbox 479 4173 512 4220; x_wconf 91' lang='lat' dir='ltr'><strong>iv.</strong></span> <span class='ocrx_word' id='word_1_269' title='bbox 523 4178 563 4222; x_wconf 77' lang='lat'><strong>27.</strong></span> <span class='ocrx_word' id='word_1_270' title='bbox 721 4168 741 4202; x_wconf 76' lang='lat'><strong>3²</strong></span> <span class='ocrx_word' id='word_1_271' title='bbox 754 4170 907 4233; x_wconf 67' lang='lat' dir='ltr'><strong>Bouianum]</strong></span> <span class='ocrx_word' id='word_1_272' title='bbox 920 4168 981 4219; x_wconf 83' lang='lat' dir='ltr'><strong>lsai.</strong></span> <span class='ocrx_word' id='word_1_273' title='bbox 993 4184 1017 4218; x_wconf 87' lang='lat' dir='ltr'><strong>v.</strong></span> <span class='ocrx_word' id='word_1_274' title='bbox 1030 4173 1071 4218; x_wconf 81' lang='lat'><strong>20.</strong></span> 
     </span>
     <span class='ocr_line' id='line_1_37' title="bbox 232 4241 622 4306; baseline -0.003 -13"><span class='ocrx_word' id='word_1_275' title='bbox 232 4241 251 4273; x_wconf 81' lang='lat'><strong>¹⁶</strong></span> <span class='ocrx_word' id='word_1_276' title='bbox 263 4244 392 4306; x_wconf 69' lang='lat' dir='ltr'><strong>Itemque]</strong></span> <span class='ocrx_word' id='word_1_277' title='bbox 412 4244 488 4292; x_wconf 88' lang='lat' dir='ltr'><strong>Prov.</strong></span> <span class='ocrx_word' id='word_1_278' title='bbox 501 4245 571 4293; x_wconf 83' lang='lat' dir='ltr'><strong>xxiv.</strong></span> <span class='ocrx_word' id='word_1_279' title='bbox 583 4247 622 4293; x_wconf 91' lang='lat' dir='ltr'><strong>ll.</strong></span> 
     </span>
    </p>
   </div>
   <div class='ocr_carea' id='block_1_5' title="bbox 0 0 1541 5046">
    <p class='ocr_par' dir='ltr' id='par_1_5' title="bbox 0 0 1541 5046">
     <span class='ocr_line' id='line_1_38' title="bbox 0 0 1541 5046; baseline 0 0"><span class='ocrx_word' id='word_1_280' title='bbox 0 0 1541 5046; x_wconf 95' lang='lat' dir='ltr'><strong> </strong></span> 
     </span>
    </p>
   </div>
  </div>
 </body>
</html>
