3014 5046
608 443 779 492 nmsrons
803 444 933 492 ornum.
1204 429 1249 492 (lsi

292 598 448 680 iniquum
483 567 654 680 persebuti
686 609 779 666 sunt.
832 602 905 664 Sibi
938 607 1183 683 regnaverunt,
1212 608 1248 664 et

294 719 364 762 non
393 718 455 780 per
483 720 559 779 me3
597 708 784 765 tenuerunt
820 702 1064 784 principatum,
1093 720 1156 763 nec
1192 718 1247 764 me

294 805 476 863 noverunt.

346 898 433 981 §aa
457 898 525 962 Sed
553 907 588 962 et
617 906 776 962 sanetum
805 897 914 962 Amos
940 898 1156 980 prophetam,
1182 898 1363 967 boensem

266 998 397 1065 amodo
418 999 618 1075 minantem,
648 999 777 1074 audito,
807 998 851 1061 In
873 999 983 1062 tribus
1012 999 1247 1080 impietatibus
1259 971 1314 1010 ‘¹⁰¹⁰
1323 971 1396 1009 ΑΜ

295 1097 443 1161 filiorum
469 1097 492 1161 J
495 1097 575 1174 uda,
605 1099 699 1161 etin
725 1105 875 1179 quatuor
899 1117 969 1161 non
994 1105 1149 1162 avertam
1175 1117 1247 1176 eos

295 1204 437 1279 propter
462 1197 554 1279 quod
578 1196 777 1278 repulerunt
793 1197 905 1279 legem
926 1196 1081 1274 Domini,
1104 1205 1140 1261 et
1157 1216 1247 1277 prae·

296 1303 398 1378 cepta
412 1317 483 1360 non
503 1297 750 1373 custodierunt,
772 1297 833 1360 sed
850 1298 1064 1363 seduxerunt
1079 1316 1138 1362 eos
1155 1316 1248 1361 vana

296 1414 424 1460 eorum.
477 1397 523 1460 Et
557 1398 712 1461 emittam
740 1397 857 1478 ignem
894 1417 998 1481 super
1034 1398 1057 1462 J
1060 1399 1175 1474 udam,
1212 1405 1248 1461 et

251 1511 283 1558 ro
296 1496 451 1560 comedet
464 1495 689 1560 firndamenta
709 1497 732 1561 J
736 1497 916 1561 erusalem.
970 1496 1060 1561 Haec
1074 1498 1157 1562 dicit
1172 1497 1247 1561 Do-

296 1595 422 1672 minus,
446 1595 490 1660 In
512 1598 622 1660 tribus
642 1597 875 1678 impietatibus
901 1597 1024 1673 Israel,
1045 1605 1080 1661 et
1102 1599 1138 1660 in
1160 1616 1247 1679 qua-

297 1702 377 1758 tuor
398 1715 468 1758 non
485 1703 640 1760 avertam
662 1715 733 1772 eoS,
756 1704 897 1778 propter
919 1696 1011 1778 quod
1033 1696 1249 1761 tradiderunt

296 1795 445 1874 pecunia
468 1795 616 1878 justum,
640 1803 675 1858 et
697 1815 883 1877 pauperem
910 1815 973 1877 pro
1002 1795 1248 1871 calciamentis

298 1912 376 1973 quae
400 1894 549 1958 calcient
576 1914 680 1976 super
701 1895 878 1976 pulverem
900 1901 1015 1970 terrae,
1038 1901 1074 1957 et
1095 1893 1248 1973 colaphis

254 2006 285 2052 15
297 1994 478 2057 caedebant
506 1995 621 2076 capita
651 2013 853 2076 pauperum,
883 2000 918 2057 et
946 1995 1038 2058 viam
1070 1992 1249 2056 humilium

298 2093 568 2158 declinaverunt.
622 2094 670 2157 Et
693 2101 919 2176 postpauca,
945 2093 1101 2171 Quaerite
1127 2091 1248 2155 Domi-

297 2213 380 2256 num
395 2200 430 2257 et
444 2194 580 2270 vivetis,
600 2199 724 2257 utnon
745 2194 897 2257 reluceat
911 2193 1001 2257 siout
1023 2193 1113 2274 ignis
1128 2192 1250 2256 domus

298 2292 321 2356 J
324 2292 442 2374 oseph,
465 2300 500 2356 et
522 2292 680 2356 comedat
702 2312 790 2369 eam,
813 2312 877 2356 neo
893 2294 958 2356 erit
979 2294 1040 2374 qui
1054 2293 1249 2373 extinguat.

300 2391 434 2455 Domus
465 2392 576 2456 Israel
603 2392 682 2455 odio
713 2392 907 2455 habuerunt
934 2393 972 2455 in
998 2393 1107 2473 portis
1133 2393 1250 2455 reder-

254 2506 287 2552 ro
299 2498 474 2574 guentam,
491 2500 527 2556 et
540 2493 683 2556 verbum
690 2491 825 2573 justum
835 2491 1024 2555 abominati
1032 2497 1125 2555 sunt.
1180 2490 1251 2568 Qui

298 2588 409 2655 Amos
426 2591 618 2673 prohibitus
634 2611 677 2654 ne
691 2592 913 2672 prophetaret
931 2591 968 2652 in
982 2589 1105 2663 Israel,
1121 2590 1251 2670 absque

299 2690 509 2754 adulationis
531 2698 650 2771 tepore
663 2690 887 2771 respondens,
910 2688 993 2752 Non
1007 2707 1112 2765 eram,
1125 2689 1251 2770 inquit,

300 2810 365 2870 ego
381 2790 562 2872 propheta,
585 2809 648 2852 nec
662 2789 753 2852 filius
775 2788 964 2870 prophetae,
987 2788 1047 2851 sed
1062 2808 1156 2851 eram
1170 2807 1250 2870 pase

300 2897 356 2953 tor
370 2891 547 2972 caprarius
561 2889 726 2953 vellicans
749 2907 959 2972 sycomoroS,
982 2894 1017 2952 et
1030 2889 1182 2970 suscepit
1197 2909 1251 2952 me

256 2998 288 3043 2⁵
301 2988 472 3054 Dominus
495 2991 538 3053 ab
568 2990 704 3066 ovibus,
733 2997 768 3053 et
796 2990 886 3053 dixit
914 2988 1084 3053 Dominus
1111 2988 1156 3051 ad
1185 3008 1251 3065 me,

301 3088 402 3153 Vade
429 3097 464 3153 et
486 3089 687 3172 prophetiza
711 3090 747 3152 in
770 3089 905 3171 plebem
928 3110 1040 3154 meam
1064 3088 1187 3166 Israel,
1216 3097 1252 3153 et

301 3209 393 3259 nunc
415 3189 496 3254 audi
517 3191 660 3254 verbum
683 3190 836 3254 Domini.
889 3189 1023 3271 Regem
1036 3208 1185 3271 namque
1199 3188 1250 3254 al—.

301 3288 520 3371 loquebatur,
535 3289 590 3352 Tu
605 3289 702 3364 dicis,
720 3290 791 3352 noli
806 3287 1063 3370 prophetarem
1078 3288 1200 3365 Israel,
1217 3296 1253 3352 et

303 3408 372 3451 non
387 3407 577 3468 congreges
591 3388 712 3449 turbas
728 3386 764 3448 in
777 3386 916 3449 domum
929 3385 952 3449 J
955 3386 1052 3449 acob.
1104 3387 1254 3467 Propter

259 3486 396 3569 eoquod
420 3485 600 3549 haecdicit
626 3484 809 3561 Dominus,
841 3484 942 3548 Uxor
966 3491 1028 3546 tua
1050 3484 1086 3544 in
1111 3483 1253 3547 civitate

303 3585 588 3663 meretricabitur,
611 3591 646 3647 et
667 3584 728 3647 filii
750 3584 802 3646 tui
824 3591 859 3647 et
873 3583 953 3646 filiae
971 3590 1041 3646 tuae
1064 3582 1179 3663 gladio
1195 3601 1253 3645 oa·

304 3686 399 3763 dent,
429 3692 465 3750 et
493 3693 585 3749 terra
610 3691 672 3747 tua
699 3684 852 3747 funiculo
879 3684 1051 3759 metietur,
1085 3688 1121 3746 et
1149 3688 1188 3746 tu
1217 3682 1254 3744 in

304 3794 397 3850 terra
420 3785 596 3849 immunda
621 3784 787 3861 morieris,
817 3783 927 3849 Israel
956 3791 1071 3847 autem
1096 3782 1255 3863 captivus

304 3887 449 3950 ducetur
464 3907 485 3950 a
496 3894 673 3949 terrosua.
719 3885 766 3947 Et
779 3884 881 3960 infra,
895 3882 1024 3947 Audite
1036 3884 1153 3964 itaque
1167 3881 1254 3956 haec,

261 4018 291 4062 35
305 3987 364 4068 qui
387 3986 626 4052 contribulatis
649 3986 797 4047 immane
819 4003 1014 4066 pauperem,
1042 3989 1078 4044 et
1100 3980 1254 4043 domina-

403 4225 413 4253 ⁴
430 4225 525 4286 ainwa]
544 4225 570 4272 ii.
586 4229 611 4284 4,
623 4228 638 4271 6
648 4240 655 4284 ;
667 4239 690 4271 v.
704 4222 844 4283 6,1o;vii.
858 4225 889 4269 14
900 4237 906 4280 ;
918 4221 972 4268 viii.
985 4225 1010 4281 d,
1022 4223 1037 4269 7
1048 4236 1054 4279 ;
1067 4219 1102 4267 ix.
1115 4222 1155 4268 lo.
