3014 5046
499 454 669 502 nrrsronn
693 455 822 501 cinna.
1091 442 1135 504 49

182 608 291 687 Sauli,
304 617 368 692 pro
384 629 436 687 eo,
452 609 543 691 quod
559 611 717 692 quaedam
741 612 783 674 de
801 611 972 676 mandatis
989 613 1133 677 Domini

181 729 251 773 non
269 710 510 791 compleverat,
534 709 662 787 dicens,
678 712 791 775 Stulte
807 711 921 793 egisti,
934 732 997 776 nec
1014 721 1131 778 custo-

181 808 262 872 disti
280 809 444 872 mandata
466 810 607 873 Domini
620 810 688 873 Dei
702 811 765 886 tui,
781 830 858 892 quae
877 813 1042 894 praecepit
1055 815 1129 880 tibi.

182 907 284 986 Quod
301 909 413 971 sinon
427 908 578 984 fecisses,
588 908 663 991 jam
677 929 768 972 nunc
783 916 921 992 pararet
936 911 1033 977 Deus
1050 933 1128 995 reg-

151 1027 262 1073 snum
284 1015 382 1071 tuum
405 1027 508 1090 super
530 1007 641 1071 Israel
663 1007 699 1070 in
722 1009 978 1090 sempiternum,
994 1010 1053 1073 sed
1069 1032 1129 1075 ne·

180 1127 353 1189 quaquam
375 1128 519 1188 regnum
542 1114 640 1170 tuum
668 1109 760 1170 ultra
787 1116 982 1190 consurget.
1035 1109 1128 1188 Quid

179 1227 262 1288 ergo
276 1207 387 1270 simile
401 1207 504 1290 hujus
521 1208 684 1289 temporis
706 1208 891 1271 sceleribus
911 1209 1127 1288 adulterium,

179 1325 222 1369 ne
237 1307 293 1370 vel
315 1306 534 1389 parricidium
548 1305 655 1370 feciti
708 1306 817 1370 Nullo
831 1308 953 1387 mod03
978 1308 1037 1371 sed
1048 1309 1127 1392 jus-

179 1406 285 1470 sionis
301 1414 458 1489 exparte
473 1407 710 1484 mutationem,
723 1407 815 1488 quia,
831 1415 870 1470 ut
884 1409 971 1471 bene
986 1409 1125 1491 quidam

134 1528 167 1573 ιο
179 1513 333 1570 nostrum
349 1506 409 1583 ait,
427 1526 496 1569 non
517 1507 633 1587 agitur
651 1507 693 1570 de
713 1507 879 1589 qualitate
900 1509 1045 1590 peccati,
1065 1511 1125 1573 sed

178 1605 220 1668 de
248 1606 521 1687 transgressione
550 1606 716 1671 mandati.
793 1607 918 1688 Itaque
944 1607 1042 1670 illum
1064 1610 1125 1672 ob-

173 1703 280 1787 jecta,
314 1707 410 1769 velut
438 1707 595 1787 putabat,
622 1713 840 1787 purgantem,
870 1714 906 1769 et
933 1707 1124 1789 apologias,

178 1810 217 1867 ut
232 1804 366 1885 generis
387 1805 527 1866 humani
549 1805 652 1866 moris
672 1814 736 1881 est,
757 1805 929 1886 sagaciter
943 1805 1008 1868 hoc
1023 1806 1126 1872 modo

177 1903 428 1968 adnedtantem.
478 1903 555 1967 Imo
569 1902 818 1968 audivivocem
837 1903 988 1981 Domini,
1002 1912 1038 1968 et
1051 1926 1124 1968 am·

135 2028 165 2072 15
176 2003 293 2068 bulati
306 2002 342 2065 in
356 2003 415 2067 via
433 2022 610 2084 perquam
627 2002 721 2066 misit
737 2023 804 2080 me,
827 2003 890 2067 tali
912 2004 1125 2069 animadver-

177 2101 273 2166 siond
297 2102 468 2179 multavit,
495 2102 662 2185 Nunquid
684 2103 771 2180 vult,
797 2103 921 2185 inquit,
955 2104 1125 2168 Dominus

177 2200 389 2278 holocausta,
410 2210 471 2265 aut
490 2202 660 2278 victimas,
683 2209 718 2266 et
740 2222 810 2265 non
824 2203 939 2284 potius
953 2211 993 2267 ut
1006 2204 1122 2268 obedi-

178 2309 257 2366 atur
270 2302 348 2367 voci
371 2301 534 2366 Dominil
587 2302 713 2365 Melior
732 2309 786 2365 est
805 2303 895 2366 enim
919 2303 1124 2383 obedientia,

176 2421 280 2482 quam
305 2402 474 2480 victimae3
507 2408 542 2464 et
572 2401 689 2464 audire
722 2402 845 2482 magis,
875 2422 978 2483 quam
1004 2404 1125 2468 offerre

99 2542 101 2544 ν
136 2523 168 2568 ao
177 2503 311 2585 adipem
333 2502 498 2578 arietum3
527 2501 688 2582 quoniam
714 2501 803 2562 sicut
827 2509 1006 2582 peccatum
1034 2504 1125 2570 ario.-

176 2602 270 2664 landi
292 2609 346 2664 est
367 2619 571 2682 repugnare,
593 2599 644 2662 ita
665 2599 764 2681 quasi
785 2599 897 2661 scelus
919 2600 1123 2665 idololatriae

176 2702 268 2765 nolle
295 2700 521 2782 acquiescere.
574 2698 645 2762 Pro
672 2719 713 2761 eo
741 2718 823 2778 ergo
852 2698 943 2780 quod
967 2699 1124 2782 abjecisti

176 2820 368 2864 sermonem
384 2799 536 2875 Domini,
560 2797 686 2882 abjecit
706 2804 741 2861 et
760 2805 807 2875 te,
828 2818 871 2860 ne
886 2797 933 2860 sis
949 2819 1023 2862 rex.
1078 2801 1125 2863 Et

176 2909 256 2983 post
278 2919 400 2983 pauca,
415 2898 534 2975 Scidit,
549 2897 672 2979 inquit,
687 2899 784 2962 Deus
806 2918 950 2978 regnum
973 2897 1083 2963 Israel
1102 2919 1123 2963 a

131 3029 163 3074 25
176 3007 211 3063 te
236 3000 347 3077 hodie,
375 3007 409 3063 et
430 2999 524 3062 dedit
544 2998 629 3062 illud
652 2997 810 3081 proximo
833 3006 894 3062 tuo
918 2999 1051 3063 meliori
1077 3007 1122 3064 te.

177 3098 287 3162 Porro
307 3099 536 3181 triumphator
556 3100 592 3163 in
613 3098 723 3162 Israel
745 3118 814 3161 non
837 3107 968 3181 parcet,
991 3107 1026 3163 et
1047 3121 1124 3182 poe-

172 3199 330 3263 nitudine
351 3220 421 3262 non
439 3199 607 3274 flectetur,
625 3218 736 3279 neque
755 3198 846 3260 enim
869 3199 971 3262 homo
997 3206 1062 3276 est,
1084 3207 1125 3263 ut

176 3308 258 3381 agat
276 3297 529 3382 poenitentiam,
552 3298 766 3371 subauditur,
786 3316 890 3377 super
909 3297 1003 3360 duris
1016 3300 1124 3363 malo-

175 3418 250 3461 rum
267 3396 475 3479 praecordiis.
514 3394 716 3457 Notandum
736 3414 818 3473 ergo
837 3403 901 3470 est,
917 3397 1009 3476 quod
1023 3396 1124 3474 dixit,

129 3524 161 3574 30
176 3498 287 3560 scelus
298 3493 501 3559 idololatriae
515 3493 690 3556 essenolle
706 3493 783 3555 Deo
793 3492 1019 3572 acquiescere.
1041 3494 1123 3557 Non

175 3617 257 3678 ergo
273 3595 338 3658 sibi
357 3592 514 3657 scelerati
528 3591 598 3668 isti,
615 3591 695 3654 dum
711 3609 781 3654 non
797 3589 952 3671 gentium
967 3592 1032 3653 diis
1046 3612 1124 3673 per-

175 3696 291 3779 spicue
307 3674 675 3774 litantssupplaudant,
688 3689 854 3772 siquidem
871 3692 1124 3770 conculcantes,

175 3816 355 3878 porcorum
378 3814 483 3869 more,
508 3790 776 3874 preciosissimas
801 3789 931 3854 Christi
956 3792 1124 3874 margari-

175 3902 241 3973 tas,
256 3896 449 3959 idololatrae
463 3899 555 3956 sunt.

210 4219 334 4282 ”Stulteq
347 4223 360 4267 l
374 4219 441 4267 Sam.
454 4219 509 4266 xiii.
522 4221 561 4266 13.
648 4213 653 4282 Ι
706 4210 724 4240 ¹⁴
736 4212 809 4274 lma]
822 4211 967 4347 lSam.3xv.
980 4213 1021 4272 20,
1034 4215 1075 4274 22,
1087 4216 1128 4262 28.

958 4303 977 4346 E
