3014 5046
357 434 401 497 88
665 450 837 497 nrrs'rcna
861 449 991 496 cinam.

411 608 507 692 §79.
540 607 731 690 Propterea
763 607 881 670 audite
904 607 1046 670 verbum
1073 606 1227 683 Domini,
1250 607 1317 670 viri

358 709 529 784 illusores,
545 709 604 790 qui
626 707 850 771 dominamini
875 725 979 788 super
1001 706 1169 789 populum
1189 726 1316 783 meum,

360 809 419 890 qui
450 815 504 871 est
536 808 572 870 in
599 806 806 870 Jerusalem.
859 806 1010 870 Dixistis
1037 806 1140 884 enim,
1167 804 1316 887 Percu&

360 909 466 970 simus
481 906 594 970 foedus
617 927 695 970 cum
717 914 839 984 morte,
863 913 995 970 etcum
1016 905 1151 970 inferno
1173 906 1318 970 fecimus

359 1015 512 1090 pactum.
577 1007 772 1089 Flagellum
808 1006 982 1070 inundans
1021 1025 1099 1069 cum
1139 1006 1318 1072 transierit
1346 1021 1365 1065 s

362 1127 431 1171 non
462 1107 577 1171 veniet
608 1125 712 1189 super
745 1125 821 1184 nos,
854 1107 936 1190 quia
965 1107 1143 1187 posuimus
1175 1105 1317 1170 menda·

361 1207 453 1270 cium
480 1226 576 1289 spem
607 1214 774 1283 nostram,
804 1213 839 1270 et
868 1205 1047 1270 mendacio
1077 1205 1225 1288 protecti
1257 1225 1316 1288 ειι-ι

361 1325 449 1369 mus
502 1305 549 1369 Et
576 1313 657 1387 post
686 1307 878 1390 aliquanta,
900 1307 947 1369 Et
978 1308 1156 1370 subvertet
1184 1306 1317 1388 grando

362 1425 458 1488 spem
478 1406 659 1482 mendacii,
679 1414 714 1469 et
729 1406 989 1490 protectionem.
1040 1403 1154 1487 Aquae
1168 1406 1317 1470 inunda-

362 1506 461 1582 bunt,
491 1513 527 1569 et
563 1505 732 1569 delebitur
758 1505 873 1570 soedus
900 1514 1055 1570 vestrum
1086 1526 1164 1569 cum
1194 1513 1318 1583 morte,
1332 1515 1364 1563 1⁰

363 1612 398 1668 et
433 1613 573 1688 pactum
604 1614 755 1669 vestrum
789 1626 868 1669 cum
903 1605 1038 1670 inferno
1074 1624 1144 1670 uon
1184 1607 1317 1685 stabit3

362 1704 539 1786 flagellum
564 1706 737 1769 inundans
772 1726 850 1769 cum
882 1706 1070 1782 transierit,
1092 1705 1188 1769 eritis
1218 1705 1318 1770 etin

363 1805 671 1884 conculcationem,
688 1806 964 1889 quandocunque
982 1806 1233 1888 pertransierit,
1250 1805 1318 1870 tol-

364 1904 413 1968 let
428 1925 503 1970 vos.
556 1904 603 1970 Et
622 1907 758 1982 iterum,
775 1906 822 1970 Et
836 1906 926 1969 dixit
942 1904 1113 1970 Dominus
1126 1927 1135 1987 ;
1159 1906 1212 1970 Eo
1226 1906 1318 1988 quod

365 2005 621 2087 appropinquat
655 2006 804 2089 populus
837 2006 903 2069 iste
941 2025 1000 2069 ore
1036 2025 1111 2083 suo,
1148 2016 1183 2073 et
1217 2004 1318 2070 labiis
1332 2024 1363 2071 rs

365 2104 561 2185 glorificant
580 2125 646 2182 me,
662 2125 722 2168 cor
736 2113 852 2169 autem
875 2125 993 2168 eorum
1013 2106 1117 2187 longe
1132 2113 1186 2170 est
1208 2126 1230 2169 a
1251 2125 1319 2183 mo,

366 2203 443 2267 ideo
458 2222 538 2267 ecce
554 2224 619 2285 ego
635 2205 760 2268 addam
779 2212 819 2268 ut
834 2204 1095 2270 admirationem
1111 2205 1235 2269 faciam
1256 2226 1319 2288 po·

365 2302 448 2385 pulo
471 2302 550 2365 huic
572 2304 739 2368 miraculo
754 2304 878 2386 grandi
896 2312 932 2369 et
951 2306 1133 2388 stupendo.
1187 2305 1321 2370 Peribit

369 2403 460 2465 enim
482 2403 654 2485 sapientia
676 2425 698 2468 a
719 2405 933 2487 sapientibus
957 2406 1045 2490 ejus,
1064 2414 1100 2470 et
1122 2404 1320 2471 intellectus

368 2503 589 2584 prudentium
604 2504 679 2588 ejus
694 2505 936 2570 abscondetur.
988 2505 1067 2584 Vae,
1081 2507 1141 2589 qui
1157 2505 1322 2588 profundi
1332 2524 1367 2572 aa

368 2604 453 2667 estis
475 2604 589 2681 corde,
609 2612 649 2669 ut
671 2607 859 2670 aDomino
884 2607 1105 2670 abscondatis
1127 2605 1320 2683 consilium,

369 2723 515 2785 quorum
538 2706 680 2768 suntin
704 2707 854 2770 tenebris
880 2726 997 2788 opera,
1019 2714 1055 2771 et
1079 2707 1210 2784 dicunt,
1231 2705 1320 2784 Quis

368 2804 464 2868 videt
486 2807 573 2868 nost
609 2813 644 2869 et
669 2805 746 2888 quis
770 2807 868 2870 novit
890 2807 979 2869 nosl
1033 2806 1204 2871 Perversa
1229 2806 1320 2869 enim

369 2903 444 2966 haec
467 2912 584 2969 vestra
609 2906 786 2986 cogitatio.
839 2905 886 2968 Et
908 2912 988 2987 post
1013 2905 1205 2989 aliquanta,
1230 2905 1321 2970 Haec

368 3002 452 3066 dicit
467 3004 658 3082 Dominus;
683 3002 820 3066 Coelum
843 3004 941 3066 sedes
965 3022 1053 3081 mea,
1068 3012 1104 3067 et
1125 3012 1219 3068 terra
1244 3022 1370 3070 sca-as.

369 3100 496 3164 bellum
511 3101 637 3184 pedum
653 3122 807 3166 meorum
823 3109 886 3166 est.
926 3101 1015 3180 Quae
1029 3103 1098 3167 ista
1117 3111 1171 3167 est
1185 3104 1321 3184 domus,

369 3220 473 3283 quam
496 3201 710 3265 aedificabitis
732 3201 828 3279 mihi,
845 3203 973 3285 etquis
995 3203 1061 3267 erit
1082 3203 1179 3267 locus
1194 3205 1321 3286 quietis

370 3303 480 3365 meae?
533 3302 660 3365 Omnia
687 3302 762 3366 haec
791 3321 914 3366 manus
942 3322 1020 3366 mea
1041 3303 1135 3382 fecit,
1164 3312 1200 3368 et
1228 3305 1322 3371 facta

370 3409 453 3465 sunt
478 3402 642 3466 universa
671 3403 751 3481 ista,
781 3403 865 3467 dicit
893 3403 1076 3469 Dominus.
1127 3403 1185 3469 Ad
1219 3425 1321 3487 quem

371 3510 487 3566 autem
502 3504 680 3586 aspiciam,
692 3504 759 3567 nisi
773 3503 816 3567 ad
830 3503 1078 3586 pauperculum
1089 3511 1124 3569 et
1135 3505 1322 3571 contritum
1335 3517 1369 3563 aa

370 3603 494 3684 spiritu
517 3611 552 3667 et
575 3611 777 3667 trementem
791 3623 968 3667 sermones
990 3606 1111 3668 meosl
1164 3603 1235 3682 Qui
1255 3606 1320 3667 im-

369 3701 478 3764 molat
504 3703 639 3778 bovem,
666 3703 766 3783 quasi
791 3704 851 3784 qui
881 3703 1068 3767 interficiat
1097 3706 1229 3784 virum;
1262 3705 1322 3787 qui

369 3807 499 3864 mactat
523 3820 641 3883 pecus,
665 3802 764 3883 quasi
789 3803 849 3883 qui
874 3805 1074 3867 excerebret
1096 3822 1238 3883 canem;
1262 3805 1322 3887 qui

370 3900 470 3964 effert
493 3900 713 3978 oblationem,
740 3903 840 3984 quasi
869 3903 929 3984 qui
955 3905 1158 3984 sanguinem
1182 3903 1322 3968 suillum

586 4222 607 4255 ²⁰
624 4227 666 4274 Voe
678 4228 719 4290 qai
732 4263 738 4276 .
750 4263 756 4276 .
770 4263 776 4277 .
789 4228 906 4276 delectata
918 4228 975 4291 est]
997 4230 1051 4277 Om.
1069 4229 1098 4278 V.
