3014 5046
359 450 403 514 76
676 460 848 512 urrsrona
871 463 1001 510 11111.

359 632 397 688 to
420 623 620 688 erectiorem
641 622 815 686 incessum
838 620 999 703 pingunt,
1023 626 1058 683 et
1073 617 1203 682 dudum
1221 622 1324 683 suni-
1381 682 1389 693 ,

359 726 498 788 mitates
533 722 701 786 montium
736 722 990 802 conspicantes
1023 739 1115 783 nunc
1149 726 1243 783 recte
1271 720 1316 784 ad

359 825 490 888 aethera
514 824 570 887 vel
594 821 638 885 ad
661 840 796 885 summa
818 821 960 883 nubium
983 820 1122 896 vellera,
1148 819 1318 884 luminum

360 924 671 988 semidormitantes
695 922 786 984 acies
801 920 941 997 librant,
965 938 1006 983 ac
1021 939 1097 982 sese
1112 939 1206 984 nova
1220 940 1315 1002 quae-

360 1025 440 1088 dam
465 1024 649 1106 plasmata,
674 1021 743 1084 imo
765 1020 938 1084 diabolica
967 1038 1110 1100 organa,
1139 1026 1179 1083 ut
1204 1039 1315 1102 quon·
1345 1043 1361 1087 1
1464 1100 1467 1105 ¹

360 1124 440 1188 dam
483 1123 645 1187 Novatus
682 1120 818 1198 Rornae,
862 1120 1055 1183 Dominicaa
1096 1119 1317 1185 conculcator

359 1223 557 1305 margaritae
589 1240 714 1303 porcus
742 1221 852 1302 niger,
882 1220 1004 1302 patriae
1034 1220 1210 1301 ingerunt,
1239 1221 1316 1286 vio·

359 1323 471 1386 lenter
496 1339 619 1385 manus
642 1341 712 1384 non
734 1326 806 1383 tam
829 1320 1082 1384 venerabilibus
1106 1320 1188 1398 aris,
1211 1339 1325 1402 quam.

361 1422 507 1486 flammis
526 1421 651 1485 inferni
673 1421 865 1497 ultricibus
888 1420 1024 1501 dignas,
1047 1421 1084 1483 in
1100 1420 1162 1484 tali
1176 1420 1316 1486 schema

360 1525 465 1605 positi
480 1522 709 1586 sacrosanctis
726 1519 856 1584 Christi
869 1521 1046 1584 sacrificiis
1060 1522 1249 1586 extensuri.
1329 1542 1361 1592 11

391 1622 499 1705 '§68.
524 1621 616 1699 Quid
645 1628 696 1698 tu,
727 1620 849 1683 infelix
879 1621 1018 1703 popule,
1047 1639 1069 1684 1
1098 1621 1238 1699 talibus,
1275 1630 1317 1686 ut

360 1720 449 1786 dixit
465 1721 668 1805 Apostolus
683 1721 804 1786 bestiis
817 1722 947 1785 ventris
956 1720 1192 1803 praestolarisl
1245 1719 1316 1786 His

360 1842 404 1886 ne
422 1823 616 1904 corrigeris,
639 1823 698 1904 qui
718 1822 849 1904 seipsos
868 1841 938 1884 non
953 1820 1055 1885 modo
1080 1821 1123 1885 ad
1138 1822 1231 1887 bona
1244 1841 1317 1887 non

360 1921 521 2001 invitant,
538 1922 597 1987 sed
613 1922 801 1986 secundum
817 1922 996 2004 prophetae
1012 1923 1315 2004 exprobrationem

359 2022 521 2088 laborant
546 2029 586 2086 ut
613 2023 731 2104 inique
763 2024 896 2103 agantl
950 2021 1094 2086 Talibus
1132 2042 1175 2085 ne
1203 2023 1314 2087 oculis
1327 2042 1358 2089 11

359 2122 598 2199 illustraberis,
622 2123 681 2203 qui
704 2122 778 2184 haec
801 2127 937 2185 tantum
960 2121 1061 2187 avide
1078 2124 1314 2204 speculantur,

359 2241 437 2303 quae
467 2221 619 2304 proclive
649 2222 754 2298 vitiis,
782 2220 817 2283 id
845 2228 910 2298 est,
938 2221 1078 2287 Tartari
1101 2223 1223 2304 portis,
1248 2223 1314 2287 du·

358 2324 463 2385 canti
517 2321 586 2384 Vel
613 2327 704 2384 certe
733 2320 921 2384 secundum
951 2322 1143 2386 Salvatoris
1170 2323 1313 2401 dictum,

358 2421 389 2484 si
415 2441 485 2485 non
506 2421 592 2486 istos
615 2422 857 2504 rapacissimos
879 2428 919 2485 ut
942 2420 1082 2486 Arabiae
1105 2422 1218 2505 lupos,
1241 2425 1314 2488 acsi

358 2520 450 2585 Loth
478 2523 523 2585 ad
553 2529 716 2600 montem,
747 2521 886 2604 igneum
916 2522 1142 2587 Sodomorum
1169 2524 1361 2588 imbremao

356 2641 575 2706 praepropere
589 2623 759 2705 fugeritis
781 2624 867 2687 caeci
888 2623 1002 2689 educti
1025 2643 1047 2688 a
1068 2624 1169 2687 caecis
1184 2625 1315 2708 pariter

356 2721 394 2784 in
407 2723 533 2787 inferni
547 2724 684 2789 foveam
698 2724 839 2788 cadetis.

195 2835 341 2876 Admonished
409 2823 495 2907 §aa
520 2824 588 2888 Sed
603 2824 749 2888 forsitan
772 2824 896 2906 aliquis
915 2823 1020 2900 dicat,
1044 2824 1179 2889 nonita
1193 2838 1317 2888 ornnes

194 2887 222 2934 by
231 2887 340 2936 examples

194 2935 345 3027 ffffissn‘ssffl
358 2922 510 3004 episcopi
533 2943 594 2986 seu
611 2923 804 3006 presbyteri
818 2931 858 2986 nt
880 2923 1037 3004 superius
1062 2923 1313 3005 comprehensi,

358 3022 440 3103 quia
456 3041 527 3085 non
542 3021 749 3098 schismatis
773 3041 843 3084 non
866 3022 1049 3103 superbiae,
1070 3042 1141 3085 non
1163 3023 1312 3087 immun·
1326 3048 1362 3096 25

358 3120 464 3197 ditiae,
476 3119 620 3183 infamia
630 3120 860 3198 maculantur,
875 3120 957 3183 mali
967 3127 1060 3198 sunt,
1072 3121 1163 3203 quod
1179 3142 1242 3186 nec
1252 3144 1313 3189 ve·

356 3219 533 3283 hementer
547 3227 582 3283 et
596 3239 659 3284 nos
676 3219 869 3283 diffitemur.
906 3220 974 3284 Sed
991 3220 1073 3284 licet
1087 3222 1236 3286 sciamus
1251 3243 1312 3288 eos

358 3328 474 3384 castos
501 3339 577 3384 esse
602 3329 637 3386 et
662 3322 784 3397 bonos,
808 3321 959 3384 breviter
984 3327 1101 3386 tamen
1124 3324 1311 3405 responde-

354 3421 479 3485 bimus
532 3419 778 3506 Quidprosuit
794 3419 879 3484 Heli
901 3422 1083 3500 sacerdoti,
1099 3423 1190 3504 quod
1214 3424 1309 3488 solus

392 3682 402 3711 ⁴
419 3685 547 3748 1111111]
564 3686 610 3746 V.;
622 3688 739 3749 liberant,
750 3689 784 3738 Β.
882 3684 893 3715 ⁴
912 3691 1091 3754 0111111111]
1111 3691 1157 3752 V.;
1168 3692 1311 3755 mulctator,

392 3750 402 3780 ⁶
420 3748 553 3822 Nouatum]
566 3757 683 3805 Novatus
700 3757 743 3805 the
760 3758 820 3806 Car·
849 3760 881 3808 B.

356 3824 489 3886 thaginian
508 3831 634 3885 opponent
655 3826 683 3874 of
700 3828 820 3888 Cyprian,
882 3826 1193 3892 7Ρ11111]Ρ111111,Β.

357 3894 506 3942 afterwards
525 3909 541 3942 a
559 3897 671 3944 resident
687 3901 714 3945 at
732 3899 820 3958 Rome,
881 3896 1047 3963 ⁹Flommis.]
1060 3901 1167 3962 Fluviis,
1179 3902 1213 3952 Β.

357 3980 411 4013 was
430 3965 472 4013 the
492 3965 582 4013 author
601 3965 630 4014 ot
641 3982 674 4015 an
691 3969 820 4017 extensive
881 3966 891 3999 ⁹
910 3971 1033 4033 Scaena]
1045 3971 1135 4033 Saeua,
1147 3971 1181 4022 Β.

357 4036 449 4083 schism
462 4036 538 4084 inthe
545 4036 612 4084 third
625 4042 738 4099 century.
772 4040 819 4087 See
881 4035 901 4067 ¹⁴
919 4038 1069 4104 Apostolus]
1081 4042 1131 4091 Tit.
1144 4042 1162 4090 i.
1175 4046 1215 4092 12.

357 4105 444 4154 Natal.
462 4106 590 4156 Alexand.
608 4109 678 4158 Hist.
696 4109 766 4158 Eccl.
784 4110 818 4158 vi.
882 4105 901 4135 ¹⁴
919 4111 1262 4174 lacitont.]1nvitantur,B.

356 4177 397 4236 12,
409 4175 469 4224 edit.
483 4180 556 4226 1786.
881 4175 900 4204 ¹⁴
917 4179 1068 4242 Propheta]
1084 4182 1135 4231 Ier.
1148 4183 1183 4232 ix.
1196 4187 1220 4232 5.

879 4245 899 4277 ⁴⁴
918 4251 1109 4316 0111111111]
1121 4253 1262 4316 Excepisti,
1279 4253 1311 4302 V.
