3014 5046
607 437 779 484 nrrsrons
802 438 933 485 cinna.
1121 443 1124 450 ·
1186 424 1250 487 111

295 602 415 678 specta
449 593 581 676 ingenii
622 580 733 657 no'stri
775 593 936 676 cymbula
980 592 1248 660 fluctuabimur?

297 695 489 759 Recurrere
508 695 695 776 aliquando
717 693 856 757 tandem
871 713 981 776 usque
1004 695 1048 758 ad
1067 693 1250 760 Lectiones

295 795 374 858 illas
396 793 492 881 (quae
517 794 650 858 adhoc
676 814 746 857 non
767 793 879 857 solum
903 800 943 857 ut
964 794 1162 873 recitentur,
1189 798 1250 861 sed

295 895 399 958 etiam
423 894 678 976 adstipulentur
704 892 946 970 benedictioni,
973 912 1043 974 qua
1068 896 1252 961 initiantur

268 995 512 1059 esacerdotum
531 992 587 1058 vel
608 993 842 1056 ministrorum
866 1011 1001 1071 manus,
1024 1013 1152 1077 eosque
1171 1016 1250 1078 per-

296 1101 402 1176 petuo
428 1094 587 1170 doceant,
614 1094 667 1157 uti
689 1113 732 1156 ne
752 1112 773 1155 a
796 1091 980 1169 mandatis,
1001 1114 1078 1176 quae
1105 1095 1251 1159 fideliter

296 1194 518 1259 continentur
545 1194 582 1256 in
612 1193 674 1269 eiS,
703 1191 909 1256 sacerdotali
942 1192 1112 1274 dignitate
1146 1196 1250 1277 dege·

296 1301 458 1358 nerantes
470 1294 644 1369 recedant,
658 1293 807 1356 exomni
817 1313 905 1374 pene
919 1300 1118 1356 sanctarum
1133 1294 1249 1378 Scrip-

297 1400 454 1457 turarum
477 1400 578 1457 textu
600 1392 723 1456 merito
751 1399 924 1475 excerptae
949 1389 1061 1477 sunt,)
1090 1413 1249 1458 necessa·

253 1512 285 1556 ro
297 1494 385 1564 rium
405 1493 579 1569 duximus,
600 1497 641 1555 nt
660 1494 813 1575 apertius
827 1493 962 1557 cunctis
983 1499 1104 1575 pateat
1119 1501 1251 1558 aeterna

293 1593 468 1676 ,supplicia
496 1611 660 1656 mansura
688 1611 760 1670 eos,
789 1599 825 1655 et
852 1612 922 1655 non
950 1611 1027 1655 esse
1053 1594 1250 1658 sacerdotes

297 1693 354 1758 vel
383 1693 451 1757 Dei
477 1691 665 1768 ministros,
699 1693 758 1772 qui
786 1711 905 1755 earum
938 1689 1114 1755 doctrinas
1144 1702 1250 1775 atque

298 1793 463 1856 mandata
486 1812 589 1876 opere
612 1793 800 1873 secundum
828 1792 919 1855 vires
942 1810 1024 1854 suas
1046 1812 1117 1856 non
1141 1792 1250 1855 adim-

298 1893 491 1975 pleverunt.
543 1890 737 1956 Audiamus
754 1910 838 1972 ergo
857 1891 939 1973 quid
961 1891 1120 1974 princeps
1139 1890 1250 1975 Apos-

255 2011 286 2056 15
299 1993 447 2057 telorum
471 1992 597 2056 Petrus
623 1993 666 2055 de
694 1991 758 2054 tali
785 1992 927 2072 negotio
951 1992 1154 2072 signaverit,
1181 1993 1250 2056 Be·

298 2091 467 2170 nedictus,
490 2093 662 2175 inquiens,
682 2091 779 2155 Deus
801 2098 836 2155 et
855 2099 955 2174 pater
976 2092 1118 2155 Domini
1139 2092 1250 2156 nostri

299 2190 322 2254 J
325 2211 386 2257 esu
420 2192 561 2270 Christi,
595 2192 654 2274 qui
689 2212 751 2275 per
783 2211 946 2274 magnam
982 2191 1250 2256 misericordiam

298 2310 397 2356 suam
419 2294 636 2376 regeneravit
657 2312 721 2356 nos
740 2293 893 2374 inspem
914 2293 995 2357 vitae
1014 2299 1166 2369 aeternae,
1189 2313 1251 2375 per

299 2395 583 2457 resurrectionem
612 2411 634 2454 a
667 2392 811 2457 mortuis
840 2392 982 2455 Domini
1019 2393 1128 2456 nostri
1163 2392 1186 2456 J
1189 2412 1251 2456 esu

254 2509 286 2554 ao
302 2491 443 2570 Christi,
467 2493 504 2555 in
529 2491 755 2554 hereditatem
779 2490 1087 2573 incorruptibilem,
1113 2491 1252 2554 immar-

300 2592 506 2668 cescibilem,
550 2592 870 2666 incontaminatam,
923 2597 1163 2653 conservatam
1216 2591 1253 2654 in

301 2691 400 2756 coelis
433 2691 470 2754 in
501 2710 577 2767 voe,
611 2691 670 2771 qui
700 2691 737 2752 in
767 2691 896 2754 virtute
924 2690 992 2752 Dei
1021 2689 1252 2755 custodimini.

302 2791 420 2870 Quare
454 2791 545 2854 enim
574 2789 777 2873 insipienter
805 2807 827 2852 a
857 2788 956 2854 vobis
988 2790 1139 2854 violatur
1172 2790 1253 2852 talis

301 2890 486 2969 hereditaS,
515 2910 594 2974 quae
622 2911 692 2954 non
722 2890 814 2953 sicut
840 2895 979 2952 terrena
1008 2889 1164 2966 decidua,
1192 2891 1253 2952 sed

338 3163 346 3195 ¹
366 3167 504 3231 Cymbala]
522 3168 552 3217 V.
563 3183 570 3227 ;
582 3168 678 3229 cibula,
690 3167 724 3215 Β.
792 3166 904 3226 antiquis
914 3166 978 3214 eccl.
989 3164 1101 3227 Ritibus,
1117 3165 1143 3213 ii.
1156 3169 1197 3226 22,
1212 3169 1254 3227 23,

338 3233 572 3300 ¹Fluctuubimur.]
590 3238 766 3298 Fluctuamus,
793 3240 833 3295 ³2,
856 3240 898 3296 36,
920 3239 961 3294 to,
983 3239 1025 3295 44,
1054 3239 1096 3296 46,
1117 3240 1163 3283 etc.
1191 3235 1252 3285 edit.

307 3307 337 3356 V.
793 3305 901 3353 Bessan.
936 3305 990 3352 The
1001 3309 1052 3352 two
1069 3304 1177 3353 Lessons
1188 3306 1253 3353 used

338 3372 349 3401 ²
366 3375 521 3436 Recurrere]
538 3374 600 3421 This
616 3378 732 3423 sentence
744 3376 766 3422 is
792 3389 860 3433 upon
871 3374 913 3421 the
924 3373 1040 3422 occasion
1056 3375 1143 3432 hythe
1156 3375 1252 3422 British

304 3444 479 3504 considerably
490 3443 639 3503 transposed
650 3444 677 3490 in
693 3444 723 3492 V.
793 3441 904 3502 Chureh,
932 3441 1051 3505 (namely,
1079 3441 1150 3489 those
1174 3443 1252 3491 taken

339 3513 350 3545 ³
367 3513 534 3576 dictitantur]
551 3513 581 3562 V.
592 3528 600 3573 ;
622 3514 767 3573 recitamur,
791 3510 854 3559 from
865 3512 908 3559 the
919 3507 987 3560 First
997 3511 1048 3559 and
1058 3510 1156 3558 Second
1167 3511 1252 3573 Chap-

305 3585 338 3633 Β,
791 3585 842 3629 ters
861 3581 890 3628 os
904 3581 946 3629 the
964 3581 1032 3629 First
1049 3580 1148 3640 Epistle
1166 3581 1195 3629 of
1214 3583 1251 3632 St.

339 3651 535 3701 ⁴Beoedictiom'
559 3687 565 3702 .
589 3685 597 3701 .
622 3687 629 3700 .
656 3646 764 3719 mcum]
794 3647 890 3713 Peter,)
902 3665 945 3699 are
956 3656 999 3699 not
1010 3650 1052 3698 the
1060 3664 1129 3698 same
1140 3665 1169 3699 as
1180 3651 1251 3700 those

305 3725 379 3772 From
390 3723 450 3784 this,
467 3721 545 3770 anda
560 3735 669 3784 passage
681 3722 765 3770 which
791 3721 937 3782 prescribed
964 3722 997 3783 by
1026 3720 1068 3768 the
1097 3720 1199 3770 Church
1226 3721 1256 3770 ot‘

304 3794 358 3842 will
374 3792 599 3854 presentlyoccur,
615 3807 656 3840 we
673 3792 767 3852 gaina
792 3791 880 3840 Rome.
1314 3824 1318 3834 .

304 3863 355 3911 few
366 3863 433 3912 hints
444 3878 512 3923 upon
529 3863 571 3910 the
583 3861 672 3910 Ritual
687 3860 717 3908 of
724 3860 766 3909 the
828 3857 847 3889 ¹⁶
865 3860 978 3922 Petrus]
992 3859 1088 3908 Beatus
1101 3860 1206 3921 Petrus,
1221 3861 1251 3909 V.

305 3933 375 3993 early
387 3932 484 3981 British
502 3931 616 3992 Chureh,
632 3932 658 3979 in
675 3931 766 3992 regard
828 3926 848 3959 ¹⁶
864 3929 1000 3992 laodicae]
1021 3933 1034 3977 1
1054 3929 1112 3977 Pet.
1132 3929 1150 3978 i.
1170 3933 1253 3991 2,12,

304 4007 330 4050 to
341 4003 383 4050 the
395 4001 607 4050 consecrationes
620 4001 653 4050 its
665 4001 766 4061 priests.
793 4003 833 4059 14,
844 4003 876 4048 22
886 4015 893 4057 ;
904 4001 931 4047 ii.
945 4003 969 4058 l,
981 4002 1005 4046 9.

305 4073 462 4133 Concerning
478 4073 520 4119 the
536 4086 616 4134 usage
627 4072 657 4120 of
670 4072 765 4118 auoint-
826 4065 848 4097 ²³
866 4068 960 4131 Enim]
973 4067 1048 4115 Enim
1058 4070 1120 4127 tam,
1135 4066 1165 4115 V.

304 4143 348 4203 ing
359 4143 401 4190 the
418 4141 499 4191 hands
513 4142 542 4190 oi
554 4142 596 4190 the
614 4142 693 4202 priest
703 4141 766 4189 with
827 4134 846 4164 ²⁴
864 4138 975 4187 Deciduo
995 4171 1043 4187 ...
1066 4137 1179 4201 eterra]
1205 4136 1253 4197 V.;

304 4212 464 4260 consecrated
476 4212 520 4273 oil,
531 4227 573 4260 see
585 4212 711 4272 Martene,
725 4211 766 4259 De
791 4223 837 4257 cm.
852 4209 886 4256 B.
