<?xml version="1.0" encoding="UTF-8"?>
<!DOCTYPE html PUBLIC "-//W3C//DTD XHTML 1.0 Transitional//EN"
    "http://www.w3.org/TR/xhtml1/DTD/xhtml1-transitional.dtd">
<html xmlns="http://www.w3.org/1999/xhtml" xml:lang="en" lang="en">
 <head>
  <title>
</title>
<meta http-equiv="Content-Type" content="text/html;charset=utf-8" />
  <meta name='ocr-system' content='tesseract 3.04.00' />
  <meta name='ocr-capabilities' content='ocr_page ocr_carea ocr_par ocr_line ocrx_word'/>
</head>
<body>
  <div class='ocr_page' id='page_1' title='image "./gildasdeexcidio01gildgoog_0165.png"; bbox 0 0 3014 5046; ppageno 0'>
   <div class='ocr_carea' id='block_1_1' title="bbox 628 480 1270 547">
    <p class='ocr_par' dir='ltr' id='par_1_1' title="bbox 628 480 1270 547">
     <span class='ocr_line' id='line_1_1' title="bbox 628 480 1270 547; baseline 0.012 -8"><span class='ocrx_word' id='word_1_1' title='bbox 628 493 800 540; x_wconf 77' lang='lat' dir='ltr'>nrrsronn</span> <span class='ocrx_word' id='word_1_2' title='bbox 823 494 953 542; x_wconf 75' lang='lat' dir='ltr'>ornum.</span> <span class='ocrx_word' id='word_1_3' title='bbox 1204 480 1270 547; x_wconf 83' lang='lat'>113</span> 
     </span>
    </p>
   </div>
   <div class='ocr_carea' id='block_1_2' title="bbox 255 649 1318 3909">
    <p class='ocr_par' dir='ltr' id='par_1_2' title="bbox 255 649 1318 3909">
     <span class='ocr_line' id='line_1_2' title="bbox 310 649 1318 734; baseline 0.01 -25"><span class='ocrx_word' id='word_1_4' title='bbox 310 649 552 725; x_wconf 83' lang='lat' dir='ltr'><strong>sacerdotium,</strong></span> <span class='ocrx_word' id='word_1_5' title='bbox 567 668 653 730; x_wconf 82' lang='lat' dir='ltr'>gens</span> <span class='ocrx_word' id='word_1_6' title='bbox 668 658 803 727; x_wconf 84' lang='lat' dir='ltr'>sancta,</span> <span class='ocrx_word' id='word_1_7' title='bbox 816 652 964 734; x_wconf 91' lang='lat' dir='ltr'>populus</span> <span class='ocrx_word' id='word_1_8' title='bbox 978 650 1015 713; x_wconf 93' lang='lat' dir='ltr'>in</span> <span class='ocrx_word' id='word_1_9' title='bbox 1031 650 1265 734; x_wconf 82' lang='lat' dir='ltr'>adoptionem,</span> <span class='ocrx_word' id='word_1_10' title='bbox 1316 722 1318 726; x_wconf 80' lang='lat'><em>.</em></span> 
     </span>
     <span class='ocr_line' id='line_1_3' title="bbox 309 747 1264 834; baseline 0.013 -27"><span class='ocrx_word' id='word_1_11' title='bbox 309 752 348 809; x_wconf 91' lang='lat' dir='ltr'>ut</span> <span class='ocrx_word' id='word_1_12' title='bbox 374 747 519 811; x_wconf 87' lang='lat' dir='ltr'>virtutes</span> <span class='ocrx_word' id='word_1_13' title='bbox 541 751 757 814; x_wconf 87' lang='lat' dir='ltr'>annuncietis</span> <span class='ocrx_word' id='word_1_14' title='bbox 780 750 855 834; x_wconf 86' lang='lat' dir='ltr'>ejus</span> <span class='ocrx_word' id='word_1_15' title='bbox 879 752 938 832; x_wconf 92' lang='lat' dir='ltr'>qui</span> <span class='ocrx_word' id='word_1_16' title='bbox 962 751 1004 814; x_wconf 90' lang='lat' dir='ltr'>de</span> <span class='ocrx_word' id='word_1_17' title='bbox 1028 753 1178 815; x_wconf 90' lang='lat' dir='ltr'>tenebris</span> <span class='ocrx_word' id='word_1_18' title='bbox 1202 774 1264 819; x_wconf 89' lang='lat' dir='ltr'>vos</span> 
     </span>
     <span class='ocr_line' id='line_1_4' title="bbox 309 848 1262 920; baseline 0.013 -12"><span class='ocrx_word' id='word_1_19' title='bbox 309 848 449 910; x_wconf 82' lang='lat' dir='ltr'>vocavit</span> <span class='ocrx_word' id='word_1_20' title='bbox 477 848 513 910; x_wconf 92' lang='lat' dir='ltr'>in</span> <span class='ocrx_word' id='word_1_21' title='bbox 540 848 626 911; x_wconf 91' lang='lat' dir='ltr'>illud</span> <span class='ocrx_word' id='word_1_22' title='bbox 654 855 726 912; x_wconf 83' lang='lat' dir='ltr'>tam</span> <span class='ocrx_word' id='word_1_23' title='bbox 758 850 959 914; x_wconf 79' lang='lat' dir='ltr'>admirabile</span> <span class='ocrx_word' id='word_1_24' title='bbox 996 850 1113 914; x_wconf 90' lang='lat' dir='ltr'>lumen</span> <span class='ocrx_word' id='word_1_25' title='bbox 1150 871 1262 920; x_wconf 90' lang='lat' dir='ltr'>suum.</span> 
     </span>
     <span class='ocr_line' id='line_1_5' title="bbox 309 943 1262 1031; baseline 0.01 -25"><span class='ocrx_word' id='word_1_26' title='bbox 309 943 392 1008; x_wconf 93' lang='lat' dir='ltr'>Non</span> <span class='ocrx_word' id='word_1_27' title='bbox 415 946 528 1010; x_wconf 89' lang='lat' dir='ltr'>solum</span> <span class='ocrx_word' id='word_1_28' title='bbox 551 949 642 1011; x_wconf 91' lang='lat' dir='ltr'>enim</span> <span class='ocrx_word' id='word_1_29' title='bbox 665 969 728 1031; x_wconf 93' lang='lat' dir='ltr'>per</span> <span class='ocrx_word' id='word_1_30' title='bbox 749 969 812 1012; x_wconf 90' lang='lat' dir='ltr'>vos</span> <span class='ocrx_word' id='word_1_31' title='bbox 836 951 982 1013; x_wconf 86' lang='lat' dir='ltr'>virtutes</span> <span class='ocrx_word' id='word_1_32' title='bbox 1005 950 1073 1012; x_wconf 92' lang='lat' dir='ltr'>Dei</span> <span class='ocrx_word' id='word_1_33' title='bbox 1104 971 1175 1014; x_wconf 88' lang='lat' dir='ltr'>non</span> <span class='ocrx_word' id='word_1_34' title='bbox 1199 971 1262 1016; x_wconf 86' lang='lat' dir='ltr'>an·</span> 
     </span>
     <span class='ocr_line' id='line_1_6' title="bbox 279 1045 1261 1134; baseline 0.008 -26"><span class='ocrx_word' id='word_1_35' title='bbox 279 1045 528 1122; x_wconf 73' lang='lat' dir='ltr'>enunciantur,</span> <span class='ocrx_word' id='word_1_36' title='bbox 552 1047 612 1110; x_wconf 89' lang='lat' dir='ltr'>sed</span> <span class='ocrx_word' id='word_1_37' title='bbox 640 1048 744 1111; x_wconf 88' lang='lat' dir='ltr'>etiam</span> <span class='ocrx_word' id='word_1_38' title='bbox 774 1049 989 1131; x_wconf 81' lang='lat' dir='ltr'>pravissimis</span> <span class='ocrx_word' id='word_1_39' title='bbox 1018 1050 1143 1112; x_wconf 90' lang='lat' dir='ltr'>vestris</span> <span class='ocrx_word' id='word_1_40' title='bbox 1168 1054 1261 1134; x_wconf 89' lang='lat' dir='ltr'>apud</span> 
     </span>
     <span class='ocr_line' id='line_1_7' title="bbox 306 1142 1259 1230; baseline 0.009 -24"><span class='ocrx_word' id='word_1_41' title='bbox 306 1142 502 1208; x_wconf 89' lang='lat' dir='ltr'>incredulos</span> <span class='ocrx_word' id='word_1_42' title='bbox 521 1165 676 1228; x_wconf 89' lang='lat' dir='ltr'>quosque</span> <span class='ocrx_word' id='word_1_43' title='bbox 699 1148 935 1230; x_wconf 88' lang='lat' dir='ltr'>despiciuntur</span> <span class='ocrx_word' id='word_1_44' title='bbox 952 1149 1131 1230; x_wconf 88' lang='lat' dir='ltr'>exemplis.</span> <span class='ocrx_word' id='word_1_45' title='bbox 1183 1148 1259 1215; x_wconf 75' lang='lat' dir='ltr'>Au-</span> 
     </span>
     <span class='ocr_line' id='line_1_8' title="bbox 305 1243 1260 1330; baseline 0.009 -24"><span class='ocrx_word' id='word_1_46' title='bbox 305 1243 406 1307; x_wconf 83' lang='lat' dir='ltr'>distis</span> <span class='ocrx_word' id='word_1_47' title='bbox 420 1245 510 1308; x_wconf 84' lang='lat' dir='ltr'>forte</span> <span class='ocrx_word' id='word_1_48' title='bbox 526 1246 563 1308; x_wconf 92' lang='lat' dir='ltr'>in</span> <span class='ocrx_word' id='word_1_49' title='bbox 578 1245 698 1309; x_wconf 90' lang='lat' dir='ltr'>eodein</span> <span class='ocrx_word' id='word_1_50' title='bbox 718 1247 785 1324; x_wconf 91' lang='lat' dir='ltr'>die,</span> <span class='ocrx_word' id='word_1_51' title='bbox 808 1248 901 1330; x_wconf 90' lang='lat' dir='ltr'>quod</span> <span class='ocrx_word' id='word_1_52' title='bbox 915 1249 952 1311; x_wconf 92' lang='lat' dir='ltr'>in</span> <span class='ocrx_word' id='word_1_53' title='bbox 968 1247 1132 1311; x_wconf 82' lang='lat' dir='ltr'>Lectione</span> <span class='ocrx_word' id='word_1_54' title='bbox 1147 1246 1260 1315; x_wconf 90' lang='lat' dir='ltr'>Actus</span> 
     </span>
     <span class='ocr_line' id='line_1_9' title="bbox 305 1339 1258 1427; baseline 0.006 -21"><span class='ocrx_word' id='word_1_55' title='bbox 305 1339 555 1425; x_wconf 84' lang='lat' dir='ltr'>Apostolorum</span> <span class='ocrx_word' id='word_1_56' title='bbox 576 1345 703 1410; x_wconf 88' lang='lat' dir='ltr'>lectum</span> <span class='ocrx_word' id='word_1_57' title='bbox 726 1355 801 1427; x_wconf 83' lang='lat' dir='ltr'>est3</span> <span class='ocrx_word' id='word_1_58' title='bbox 832 1347 938 1411; x_wconf 90' lang='lat' dir='ltr'>Petro</span> <span class='ocrx_word' id='word_1_59' title='bbox 960 1347 996 1409; x_wconf 93' lang='lat' dir='ltr'>in</span> <span class='ocrx_word' id='word_1_60' title='bbox 1018 1347 1131 1411; x_wconf 89' lang='lat' dir='ltr'>medio</span> <span class='ocrx_word' id='word_1_61' title='bbox 1155 1349 1258 1414; x_wconf 90' lang='lat' dir='ltr'>disci-</span> 
     </span>
     <span class='ocr_line' id='line_1_10' title="bbox 304 1442 1259 1531; baseline 0.01 -26"><span class='ocrx_word' id='word_1_62' title='bbox 304 1442 464 1523; x_wconf 90' lang='lat' dir='ltr'>pulorum</span> <span class='ocrx_word' id='word_1_63' title='bbox 482 1452 646 1526; x_wconf 84' lang='lat' dir='ltr'>surgente</span> <span class='ocrx_word' id='word_1_64' title='bbox 663 1445 723 1528; x_wconf 92' lang='lat' dir='ltr'>qui</span> <span class='ocrx_word' id='word_1_65' title='bbox 745 1446 846 1524; x_wconf 81' lang='lat' dir='ltr'>dixit,</span> <span class='ocrx_word' id='word_1_66' title='bbox 864 1446 943 1510; x_wconf 91' lang='lat' dir='ltr'>Viri</span> <span class='ocrx_word' id='word_1_67' title='bbox 962 1445 1099 1523; x_wconf 78' lang='lat' dir='ltr'>fratreS,</span> <span class='ocrx_word' id='word_1_68' title='bbox 1122 1457 1259 1531; x_wconf 88' lang='lat' dir='ltr'>oportet</span> 
     </span>
     <span class='ocr_line' id='line_1_11' title="bbox 260 1540 1257 1634; baseline 0.009 -30"><span class='ocrx_word' id='word_1_69' title='bbox 260 1558 295 1634; x_wconf 87' lang='lat'>¹⁰.</span> <span class='ocrx_word' id='word_1_70' title='bbox 305 1540 518 1625; x_wconf 85' lang='lat' dir='ltr'>Scripturam</span> <span class='ocrx_word' id='word_1_71' title='bbox 532 1543 677 1626; x_wconf 91' lang='lat' dir='ltr'>impleri,</span> <span class='ocrx_word' id='word_1_72' title='bbox 694 1564 798 1625; x_wconf 92' lang='lat' dir='ltr'>quam</span> <span class='ocrx_word' id='word_1_73' title='bbox 812 1545 976 1628; x_wconf 75' lang='lat' dir='ltr'>praedixit</span> <span class='ocrx_word' id='word_1_74' title='bbox 987 1544 1137 1629; x_wconf 89' lang='lat' dir='ltr'>Spiritus</span> <span class='ocrx_word' id='word_1_75' title='bbox 1149 1547 1257 1613; x_wconf 88' lang='lat' dir='ltr'>Sanc·</span> 
     </span>
     <span class='ocr_line' id='line_1_12' title="bbox 304 1642 1257 1727; baseline 0.007 -23"><span class='ocrx_word' id='word_1_76' title='bbox 304 1647 361 1704; x_wconf 90' lang='lat' dir='ltr'>tus</span> <span class='ocrx_word' id='word_1_77' title='bbox 387 1662 449 1725; x_wconf 92' lang='lat' dir='ltr'>per</span> <span class='ocrx_word' id='word_1_78' title='bbox 466 1656 505 1706; x_wconf 85' lang='lat' dir='ltr'>os</span> <span class='ocrx_word' id='word_1_79' title='bbox 527 1642 643 1707; x_wconf 89' lang='lat' dir='ltr'>David</span> <span class='ocrx_word' id='word_1_80' title='bbox 665 1644 707 1707; x_wconf 92' lang='lat' dir='ltr'>de</span> <span class='ocrx_word' id='word_1_81' title='bbox 724 1644 830 1709; x_wconf 86' lang='lat' dir='ltr'>Juda.</span> <span class='ocrx_word' id='word_1_82' title='bbox 884 1645 931 1709; x_wconf 89' lang='lat' dir='ltr'>Et</span> <span class='ocrx_word' id='word_1_83' title='bbox 949 1645 1055 1727; x_wconf 89' lang='lat' dir='ltr'>paulo</span> <span class='ocrx_word' id='word_1_84' title='bbox 1074 1654 1165 1726; x_wconf 89' lang='lat' dir='ltr'>post,</span> <span class='ocrx_word' id='word_1_85' title='bbox 1187 1646 1257 1711; x_wconf 93' lang='lat' dir='ltr'>Hic</span> 
     </span>
     <span class='ocr_line' id='line_1_13' title="bbox 303 1740 1255 1826; baseline 0.007 -23"><span class='ocrx_word' id='word_1_86' title='bbox 303 1740 422 1823; x_wconf 89' lang='lat' dir='ltr'>itaque</span> <span class='ocrx_word' id='word_1_87' title='bbox 446 1743 630 1825; x_wconf 87' lang='lat' dir='ltr'>acquisivit</span> <span class='ocrx_word' id='word_1_88' title='bbox 655 1763 777 1825; x_wconf 84' lang='lat' dir='ltr'>agrum</span> <span class='ocrx_word' id='word_1_89' title='bbox 802 1744 845 1808; x_wconf 92' lang='lat' dir='ltr'>de</span> <span class='ocrx_word' id='word_1_90' title='bbox 867 1742 1022 1808; x_wconf 89' lang='lat' dir='ltr'>mercede</span> <span class='ocrx_word' id='word_1_91' title='bbox 1050 1745 1255 1826; x_wconf 77' lang='lat' dir='ltr'>iniquitatis</span> 
     </span>
     <span class='ocr_line' id='line_1_14' title="bbox 305 1839 1256 1927; baseline 0.007 -26"><span class='ocrx_word' id='word_1_92' title='bbox 305 1839 386 1904; x_wconf 92' lang='lat' dir='ltr'>Hoc</span> <span class='ocrx_word' id='word_1_93' title='bbox 412 1856 533 1906; x_wconf 84' lang='lat' dir='ltr'>securo</span> <span class='ocrx_word' id='word_1_94' title='bbox 557 1843 673 1906; x_wconf 89' lang='lat' dir='ltr'>hebeti</span> <span class='ocrx_word' id='word_1_95' title='bbox 697 1845 812 1920; x_wconf 89' lang='lat' dir='ltr'>corde,</span> <span class='ocrx_word' id='word_1_96' title='bbox 835 1844 891 1907; x_wconf 90' lang='lat' dir='ltr'>vel</span> <span class='ocrx_word' id='word_1_97' title='bbox 917 1843 1033 1927; x_wconf 92' lang='lat' dir='ltr'>potius</span> <span class='ocrx_word' id='word_1_98' title='bbox 1057 1844 1158 1924; x_wconf 87' lang='lat' dir='ltr'>quasi</span> <span class='ocrx_word' id='word_1_99' title='bbox 1186 1865 1256 1908; x_wconf 91' lang='lat' dir='ltr'>non</span> 
     </span>
     <span class='ocr_line' id='line_1_15' title="bbox 303 1937 1255 2025; baseline 0.007 -24"><span class='ocrx_word' id='word_1_100' title='bbox 303 1937 346 2002; x_wconf 89' lang='lat' dir='ltr'>de</span> <span class='ocrx_word' id='word_1_101' title='bbox 365 1941 463 2005; x_wconf 87' lang='lat' dir='ltr'>vobis</span> <span class='ocrx_word' id='word_1_102' title='bbox 484 1939 610 2007; x_wconf 87' lang='lat' dir='ltr'>lectum</span> <span class='ocrx_word' id='word_1_103' title='bbox 634 1943 768 2021; x_wconf 87' lang='lat' dir='ltr'>suisset,</span> <span class='ocrx_word' id='word_1_104' title='bbox 789 1944 946 2007; x_wconf 90' lang='lat' dir='ltr'>audistis.</span> <span class='ocrx_word' id='word_1_105' title='bbox 1000 1941 1100 2020; x_wconf 84' lang='lat' dir='ltr'>Quis,</span> <span class='ocrx_word' id='word_1_106' title='bbox 1124 1963 1255 2025; x_wconf 89' lang='lat' dir='ltr'>quaeso,</span> 
     </span>
     <span class='ocr_line' id='line_1_16' title="bbox 257 2039 1254 2126; baseline 0.005 -25"><span class='ocrx_word' id='word_1_107' title='bbox 257 2055 289 2102; x_wconf 78' lang='lat'>15</span> <span class='ocrx_word' id='word_1_108' title='bbox 302 2039 460 2103; x_wconf 86' lang='lat' dir='ltr'>vestrum</span> <span class='ocrx_word' id='word_1_109' title='bbox 480 2061 551 2105; x_wconf 90' lang='lat' dir='ltr'>non</span> <span class='ocrx_word' id='word_1_110' title='bbox 576 2043 702 2125; x_wconf 88' lang='lat' dir='ltr'>quaerit</span> <span class='ocrx_word' id='word_1_111' title='bbox 724 2063 846 2126; x_wconf 80' lang='lat' dir='ltr'>agrum</span> <span class='ocrx_word' id='word_1_112' title='bbox 874 2043 917 2106; x_wconf 92' lang='lat' dir='ltr'>de</span> <span class='ocrx_word' id='word_1_113' title='bbox 946 2041 1101 2106; x_wconf 90' lang='lat' dir='ltr'>mercede</span> <span class='ocrx_word' id='word_1_114' title='bbox 1128 2043 1254 2125; x_wconf 92' lang='lat' dir='ltr'>iniqui·</span> 
     </span>
     <span class='ocr_line' id='line_1_17' title="bbox 302 2139 1254 2225; baseline 0.006 -24"><span class='ocrx_word' id='word_1_115' title='bbox 302 2139 411 2202; x_wconf 80' lang='lat' dir='ltr'>tatisl</span> <span class='ocrx_word' id='word_1_116' title='bbox 464 2139 487 2203; x_wconf 87' lang='lat' dir='ltr'><strong>J</strong></span> <span class='ocrx_word' id='word_1_117' title='bbox 490 2141 576 2204; x_wconf 90' lang='lat' dir='ltr'>udas</span> <span class='ocrx_word' id='word_1_118' title='bbox 606 2161 755 2225; x_wconf 88' lang='lat' dir='ltr'>namque</span> <span class='ocrx_word' id='word_1_119' title='bbox 781 2142 914 2206; x_wconf 91' lang='lat' dir='ltr'>loculos</span> <span class='ocrx_word' id='word_1_120' title='bbox 941 2141 1161 2223; x_wconf 85' lang='lat' dir='ltr'>compilabat,</span> <span class='ocrx_word' id='word_1_121' title='bbox 1192 2163 1254 2207; x_wconf 86' lang='lat' dir='ltr'>vos</span> 
     </span>
     <span class='ocr_line' id='line_1_18' title="bbox 302 2238 1253 2325; baseline 0.007 -25"><span class='ocrx_word' id='word_1_122' title='bbox 302 2238 468 2302; x_wconf 86' lang='lat' dir='ltr'>Ecclesiae</span> <span class='ocrx_word' id='word_1_123' title='bbox 492 2240 635 2305; x_wconf 89' lang='lat' dir='ltr'>donaria</span> <span class='ocrx_word' id='word_1_124' title='bbox 660 2242 876 2325; x_wconf 89' lang='lat' dir='ltr'>filiorumque</span> <span class='ocrx_word' id='word_1_125' title='bbox 905 2242 1039 2304; x_wconf 89' lang='lat' dir='ltr'>animas</span> <span class='ocrx_word' id='word_1_126' title='bbox 1069 2241 1145 2325; x_wconf 91' lang='lat' dir='ltr'>ejus</span> <span class='ocrx_word' id='word_1_127' title='bbox 1174 2261 1253 2307; x_wconf 83' lang='lat' dir='ltr'>vas·</span> 
     </span>
     <span class='ocr_line' id='line_1_19' title="bbox 301 2338 1252 2421; baseline 0.005 -21"><span class='ocrx_word' id='word_1_128' title='bbox 301 2338 396 2402; x_wconf 77' lang='lat' dir='ltr'>tatis</span> <span class='ocrx_word' id='word_1_129' title='bbox 450 2339 516 2402; x_wconf 88' lang='lat' dir='ltr'>Ille</span> <span class='ocrx_word' id='word_1_130' title='bbox 544 2340 629 2403; x_wconf 92' lang='lat' dir='ltr'>adiit</span> <span class='ocrx_word' id='word_1_131' title='bbox 659 2340 816 2418; x_wconf 77' lang='lat' dir='ltr'>ludaeos,</span> <span class='ocrx_word' id='word_1_132' title='bbox 847 2347 886 2403; x_wconf 92' lang='lat' dir='ltr'>ut</span> <span class='ocrx_word' id='word_1_133' title='bbox 916 2341 1031 2406; x_wconf 91' lang='lat' dir='ltr'>Deum</span> <span class='ocrx_word' id='word_1_134' title='bbox 1066 2342 1252 2421; x_wconf 81' lang='lat' dir='ltr'>venderet3</span> 
     </span>
     <span class='ocr_line' id='line_1_20' title="bbox 300 2439 1252 2522; baseline 0.003 -20"><span class='ocrx_word' id='word_1_135' title='bbox 300 2456 363 2502; x_wconf 88' lang='lat' dir='ltr'>vos</span> <span class='ocrx_word' id='word_1_136' title='bbox 393 2444 560 2520; x_wconf 87' lang='lat' dir='ltr'>tyrannos</span> <span class='ocrx_word' id='word_1_137' title='bbox 585 2446 622 2501; x_wconf 91' lang='lat' dir='ltr'>et</span> <span class='ocrx_word' id='word_1_138' title='bbox 651 2447 784 2522; x_wconf 90' lang='lat' dir='ltr'>patrem</span> <span class='ocrx_word' id='word_1_139' title='bbox 815 2447 969 2503; x_wconf 87' lang='lat' dir='ltr'>vestrum</span> <span class='ocrx_word' id='word_1_140' title='bbox 1000 2439 1186 2515; x_wconf 92' lang='lat' dir='ltr'>diabolum,</span> <span class='ocrx_word' id='word_1_141' title='bbox 1214 2449 1252 2505; x_wconf 92' lang='lat' dir='ltr'>ut</span> 
     </span>
     <span class='ocr_line' id='line_1_21' title="bbox 255 2535 1252 2619; baseline 0.006 -23"><span class='ocrx_word' id='word_1_142' title='bbox 255 2552 287 2596; x_wconf 79' lang='lat' dir='ltr'>eo</span> <span class='ocrx_word' id='word_1_143' title='bbox 301 2535 477 2600; x_wconf 87' lang='lat' dir='ltr'>Christum</span> <span class='ocrx_word' id='word_1_144' title='bbox 499 2537 708 2619; x_wconf 90' lang='lat' dir='ltr'>despiciatis.</span> <span class='ocrx_word' id='word_1_145' title='bbox 762 2538 827 2602; x_wconf 90' lang='lat' dir='ltr'>Ille</span> <span class='ocrx_word' id='word_1_146' title='bbox 845 2538 989 2619; x_wconf 81' lang='lat' dir='ltr'>triginta</span> <span class='ocrx_word' id='word_1_147' title='bbox 1005 2538 1178 2618; x_wconf 87' lang='lat' dir='ltr'>argenteis</span> <span class='ocrx_word' id='word_1_148' title='bbox 1192 2559 1252 2602; x_wconf 92' lang='lat' dir='ltr'>ve·</span> 
     </span>
     <span class='ocr_line' id='line_1_22' title="bbox 299 2636 1252 2713; baseline 0.003 -15"><span class='ocrx_word' id='word_1_149' title='bbox 299 2637 412 2700; x_wconf 86' lang='lat' dir='ltr'>nalem</span> <span class='ocrx_word' id='word_1_150' title='bbox 435 2636 557 2701; x_wconf 86' lang='lat' dir='ltr'>habuit</span> <span class='ocrx_word' id='word_1_151' title='bbox 581 2639 733 2701; x_wconf 91' lang='lat' dir='ltr'>omnium</span> <span class='ocrx_word' id='word_1_152' title='bbox 759 2637 988 2713; x_wconf 88' lang='lat' dir='ltr'>Salvatorem,</span> <span class='ocrx_word' id='word_1_153' title='bbox 1015 2655 1077 2701; x_wconf 86' lang='lat' dir='ltr'>vos</span> <span class='ocrx_word' id='word_1_154' title='bbox 1105 2636 1160 2699; x_wconf 90' lang='lat' dir='ltr'>vel</span> <span class='ocrx_word' id='word_1_155' title='bbox 1183 2657 1252 2701; x_wconf 90' lang='lat' dir='ltr'>uno</span> 
     </span>
     <span class='ocr_line' id='line_1_23' title="bbox 297 2736 411 2800; baseline 0.009 -1"><span class='ocrx_word' id='word_1_156' title='bbox 297 2736 411 2800; x_wconf 91' lang='lat' dir='ltr'>obolo.</span> 
     </span>
     <span class='ocr_line' id='line_1_24' title="bbox 351 2832 1252 2918; baseline -0.001 -20"><span class='ocrx_word' id='word_1_157' title='bbox 351 2833 460 2918; x_wconf 69' lang='lat' dir='ltr'>§los</span> <span class='ocrx_word' id='word_1_158' title='bbox 486 2834 579 2913; x_wconf 83' lang='lat' dir='ltr'>Quid</span> <span class='ocrx_word' id='word_1_159' title='bbox 593 2832 725 2918; x_wconf 81' lang='lat' dir='ltr'>plural</span> <span class='ocrx_word' id='word_1_160' title='bbox 780 2834 906 2897; x_wconf 89' lang='lat' dir='ltr'>Fertur</span> <span class='ocrx_word' id='word_1_161' title='bbox 921 2833 1020 2896; x_wconf 89' lang='lat' dir='ltr'>vobis</span> <span class='ocrx_word' id='word_1_162' title='bbox 1042 2833 1079 2896; x_wconf 95' lang='lat' dir='ltr'>in</span> <span class='ocrx_word' id='word_1_163' title='bbox 1103 2833 1252 2897; x_wconf 91' lang='lat' dir='ltr'>medium</span> 
     </span>
     <span class='ocr_line' id='line_1_25' title="bbox 301 2933 1252 3014; baseline 0 -18"><span class='ocrx_word' id='word_1_164' title='bbox 301 2933 462 2998; x_wconf 86' lang='lat' dir='ltr'>Matthiae</span> <span class='ocrx_word' id='word_1_165' title='bbox 503 2936 540 2996; x_wconf 92' lang='lat' dir='ltr'>in</span> <span class='ocrx_word' id='word_1_166' title='bbox 581 2933 817 2998; x_wconf 88' lang='lat' dir='ltr'>confusionem</span> <span class='ocrx_word' id='word_1_167' title='bbox 853 2938 1004 2997; x_wconf 88' lang='lat' dir='ltr'>vestram</span> <span class='ocrx_word' id='word_1_168' title='bbox 1044 2933 1252 3014; x_wconf 87' lang='lat' dir='ltr'>exemplum,</span> 
     </span>
     <span class='ocr_line' id='line_1_26' title="bbox 256 3032 1252 3117; baseline -0.006 -16"><span class='ocrx_word' id='word_1_169' title='bbox 256 3057 288 3101; x_wconf 80' lang='lat' dir='ltr'>es</span> <span class='ocrx_word' id='word_1_170' title='bbox 301 3042 499 3098; x_wconf 89' lang='lat' dir='ltr'>sanctorum</span> <span class='ocrx_word' id='word_1_171' title='bbox 532 3053 669 3116; x_wconf 90' lang='lat' dir='ltr'>quoque</span> <span class='ocrx_word' id='word_1_172' title='bbox 704 3032 953 3117; x_wconf 82' lang='lat' dir='ltr'>Apostolorum</span> <span class='ocrx_word' id='word_1_173' title='bbox 986 3033 1165 3109; x_wconf 89' lang='lat' dir='ltr'>electione,</span> <span class='ocrx_word' id='word_1_174' title='bbox 1195 3033 1252 3096; x_wconf 90' lang='lat' dir='ltr'>vel</span> 
     </span>
     <span class='ocr_line' id='line_1_27' title="bbox 296 3133 1251 3217; baseline -0.001 -22"><span class='ocrx_word' id='word_1_175' title='bbox 296 3133 428 3216; x_wconf 89' lang='lat' dir='ltr'>judicio</span> <span class='ocrx_word' id='word_1_176' title='bbox 458 3133 599 3210; x_wconf 87' lang='lat' dir='ltr'>Christi,</span> <span class='ocrx_word' id='word_1_177' title='bbox 629 3153 700 3197; x_wconf 91' lang='lat' dir='ltr'>non</span> <span class='ocrx_word' id='word_1_178' title='bbox 734 3133 875 3217; x_wconf 90' lang='lat' dir='ltr'>propria</span> <span class='ocrx_word' id='word_1_179' title='bbox 905 3133 1097 3209; x_wconf 87' lang='lat' dir='ltr'>voluntate,</span> <span class='ocrx_word' id='word_1_180' title='bbox 1126 3133 1251 3209; x_wconf 90' lang='lat' dir='ltr'>sortiti,</span> 
     </span>
     <span class='ocr_line' id='line_1_28' title="bbox 301 3231 1304 3317; baseline 0.001 -22"><span class='ocrx_word' id='word_1_181' title='bbox 301 3233 346 3296; x_wconf 90' lang='lat' dir='ltr'>ad</span> <span class='ocrx_word' id='word_1_182' title='bbox 370 3233 462 3315; x_wconf 91' lang='lat' dir='ltr'>quod</span> <span class='ocrx_word' id='word_1_183' title='bbox 487 3233 570 3295; x_wconf 87' lang='lat' dir='ltr'>caeci</span> <span class='ocrx_word' id='word_1_184' title='bbox 595 3232 707 3296; x_wconf 89' lang='lat' dir='ltr'>effecti</span> <span class='ocrx_word' id='word_1_185' title='bbox 732 3253 801 3295; x_wconf 92' lang='lat' dir='ltr'>non</span> <span class='ocrx_word' id='word_1_186' title='bbox 823 3231 948 3297; x_wconf 87' lang='lat' dir='ltr'>videtis</span> <span class='ocrx_word' id='word_1_187' title='bbox 972 3251 1076 3313; x_wconf 88' lang='lat' dir='ltr'>quam</span> <span class='ocrx_word' id='word_1_188' title='bbox 1100 3231 1204 3312; x_wconf 85' lang='lat' dir='ltr'>longe</span> <span class='ocrx_word' id='word_1_189' title='bbox 1230 3251 1252 3296; x_wconf 84' lang='lat' dir='ltr'>a</span> <span class='ocrx_word' id='word_1_190' title='bbox 1303 3314 1304 3317; x_wconf 8' lang='grc' dir='ltr'><strong>Ἴ</strong></span> 
     </span>
     <span class='ocr_line' id='line_1_29' title="bbox 301 3329 1250 3413; baseline -0.002 -20"><span class='ocrx_word' id='word_1_191' title='bbox 301 3332 432 3395; x_wconf 90' lang='lat' dir='ltr'>meritis</span> <span class='ocrx_word' id='word_1_192' title='bbox 458 3331 533 3413; x_wconf 88' lang='lat' dir='ltr'>ejus</span> <span class='ocrx_word' id='word_1_193' title='bbox 560 3330 707 3406; x_wconf 64' lang='lat' dir='ltr'>distetis</span> <span class='ocrx_word' id='word_1_194' title='bbox 735 3330 880 3392; x_wconf 85' lang='lat' dir='ltr'>durnin</span> <span class='ocrx_word' id='word_1_195' title='bbox 908 3349 1058 3392; x_wconf 89' lang='lat' dir='ltr'>amorem</span> <span class='ocrx_word' id='word_1_196' title='bbox 1088 3337 1123 3392; x_wconf 92' lang='lat' dir='ltr'>et</span> <span class='ocrx_word' id='word_1_197' title='bbox 1150 3329 1250 3392; x_wconf 87' lang='lat' dir='ltr'>effec-</span> 
     </span>
     <span class='ocr_line' id='line_1_30' title="bbox 301 3425 1252 3510; baseline -0.004 -16"><span class='ocrx_word' id='word_1_198' title='bbox 301 3438 376 3494; x_wconf 91' lang='lat' dir='ltr'>tum</span> <span class='ocrx_word' id='word_1_199' title='bbox 391 3429 414 3493; x_wconf 88' lang='lat' dir='ltr'><strong>J</strong></span> <span class='ocrx_word' id='word_1_200' title='bbox 417 3429 494 3491; x_wconf 87' lang='lat' dir='ltr'>udae</span> <span class='ocrx_word' id='word_1_201' title='bbox 514 3429 691 3492; x_wconf 89' lang='lat' dir='ltr'>traditoris</span> <span class='ocrx_word' id='word_1_202' title='bbox 708 3436 831 3510; x_wconf 90' lang='lat' dir='ltr'>sponte</span> <span class='ocrx_word' id='word_1_203' title='bbox 851 3429 1040 3491; x_wconf 88' lang='lat' dir='ltr'>corruistis.</span> <span class='ocrx_word' id='word_1_204' title='bbox 1093 3425 1252 3508; x_wconf 82' lang='lat' dir='ltr'>Apparet</span> 
     </span>
     <span class='ocr_line' id='line_1_31' title="bbox 255 3525 1251 3611; baseline -0.008 -15"><span class='ocrx_word' id='word_1_205' title='bbox 255 3553 288 3596; x_wconf 81' lang='lat' dir='ltr'>ao</span> <span class='ocrx_word' id='word_1_206' title='bbox 301 3550 383 3611; x_wconf 83' lang='lat' dir='ltr'>ergo</span> <span class='ocrx_word' id='word_1_207' title='bbox 410 3548 500 3604; x_wconf 92' lang='lat' dir='ltr'>eum,</span> <span class='ocrx_word' id='word_1_208' title='bbox 530 3528 589 3608; x_wconf 93' lang='lat' dir='ltr'>qui</span> <span class='ocrx_word' id='word_1_209' title='bbox 617 3546 679 3591; x_wconf 87' lang='lat' dir='ltr'>vos</span> <span class='ocrx_word' id='word_1_210' title='bbox 710 3526 905 3594; x_wconf 88' lang='lat' dir='ltr'>sacerdotes</span> <span class='ocrx_word' id='word_1_211' title='bbox 932 3527 1044 3590; x_wconf 90' lang='lat' dir='ltr'>sciens</span> <span class='ocrx_word' id='word_1_212' title='bbox 1073 3544 1119 3587; x_wconf 83' lang='lat' dir='ltr'>ex</span> <span class='ocrx_word' id='word_1_213' title='bbox 1148 3525 1251 3588; x_wconf 92' lang='lat' dir='ltr'>corde</span> 
     </span>
     <span class='ocr_line' id='line_1_32' title="bbox 300 3624 1250 3706; baseline -0.006 -15"><span class='ocrx_word' id='word_1_214' title='bbox 300 3630 395 3704; x_wconf 88' lang='lat' dir='ltr'>dicit,</span> <span class='ocrx_word' id='word_1_215' title='bbox 410 3648 480 3692; x_wconf 90' lang='lat' dir='ltr'>non</span> <span class='ocrx_word' id='word_1_216' title='bbox 495 3646 571 3690; x_wconf 88' lang='lat' dir='ltr'>esse</span> <span class='ocrx_word' id='word_1_217' title='bbox 586 3627 750 3689; x_wconf 84' lang='lat' dir='ltr'>eximium</span> <span class='ocrx_word' id='word_1_218' title='bbox 767 3625 1013 3689; x_wconf 88' lang='lat' dir='ltr'>Christianum.</span> <span class='ocrx_word' id='word_1_219' title='bbox 1052 3624 1142 3687; x_wconf 90' lang='lat' dir='ltr'>Sane</span> <span class='ocrx_word' id='word_1_220' title='bbox 1158 3624 1250 3706; x_wconf 90' lang='lat' dir='ltr'>quod</span> 
     </span>
     <span class='ocr_line' id='line_1_33' title="bbox 299 3722 1251 3809; baseline -0.003 -19"><span class='ocrx_word' id='word_1_221' title='bbox 299 3729 423 3804; x_wconf 89' lang='lat' dir='ltr'>sentio,</span> <span class='ocrx_word' id='word_1_222' title='bbox 457 3726 642 3809; x_wconf 87' lang='lat' dir='ltr'>proferam.</span> <span class='ocrx_word' id='word_1_223' title='bbox 709 3725 835 3789; x_wconf 91' lang='lat' dir='ltr'>Posset</span> <span class='ocrx_word' id='word_1_224' title='bbox 867 3725 1006 3807; x_wconf 91' lang='lat' dir='ltr'>quidem</span> <span class='ocrx_word' id='word_1_225' title='bbox 1037 3724 1148 3787; x_wconf 89' lang='lat' dir='ltr'>lenior</span> <span class='ocrx_word' id='word_1_226' title='bbox 1176 3722 1251 3787; x_wconf 89' lang='lat' dir='ltr'>fieri</span> 
     </span>
     <span class='ocr_line' id='line_1_34' title="bbox 298 3824 1250 3909; baseline -0.005 -20"><span class='ocrx_word' id='word_1_227' title='bbox 298 3828 508 3909; x_wconf 89' lang='lat' dir='ltr'>increpatio;</span> <span class='ocrx_word' id='word_1_228' title='bbox 533 3825 594 3888; x_wconf 89' lang='lat' dir='ltr'>sed</span> <span class='ocrx_word' id='word_1_229' title='bbox 617 3824 699 3906; x_wconf 93' lang='lat' dir='ltr'>quid</span> <span class='ocrx_word' id='word_1_230' title='bbox 719 3825 812 3887; x_wconf 88' lang='lat' dir='ltr'>valet</span> <span class='ocrx_word' id='word_1_231' title='bbox 834 3825 961 3887; x_wconf 91' lang='lat' dir='ltr'>vulnus</span> <span class='ocrx_word' id='word_1_232' title='bbox 984 3843 1090 3887; x_wconf 88' lang='lat' dir='ltr'>manu</span> <span class='ocrx_word' id='word_1_233' title='bbox 1113 3829 1250 3886; x_wconf 90' lang='lat' dir='ltr'>tantum</span> 
     </span>
    </p>
   </div>
   <div class='ocr_carea' id='block_1_3' title="bbox 298 4045 1191 4308">
    <p class='ocr_par' dir='ltr' id='par_1_3' title="bbox 298 4045 1191 4308">
     <span class='ocr_line' id='line_1_35' title="bbox 333 4045 1129 4115; baseline -0.009 -16"><span class='ocrx_word' id='word_1_234' title='bbox 333 4049 343 4080; x_wconf 75' lang='lat'>⁴¹</span> <span class='ocrx_word' id='word_1_235' title='bbox 360 4050 570 4115; x_wconf 60' lang='lat' dir='ltr'>denunciantur]</span> <span class='ocrx_word' id='word_1_236' title='bbox 587 4052 617 4101; x_wconf 92' lang='lat' dir='ltr'>V.</span> <span class='ocrx_word' id='word_1_237' title='bbox 630 4051 689 4099; x_wconf 88' lang='lat' dir='ltr'>here</span> <span class='ocrx_word' id='word_1_238' title='bbox 698 4050 762 4099; x_wconf 86' lang='lat' dir='ltr'>adds</span> <span class='ocrx_word' id='word_1_239' title='bbox 821 4046 842 4079; x_wconf 81' lang='lat'>¹³</span> <span class='ocrx_word' id='word_1_240' title='bbox 861 4047 960 4110; x_wconf 65' lang='lat' dir='ltr'>Quasi]</span> <span class='ocrx_word' id='word_1_241' title='bbox 977 4047 1007 4095; x_wconf 90' lang='lat' dir='ltr'>V.</span> <span class='ocrx_word' id='word_1_242' title='bbox 1017 4062 1024 4105; x_wconf 81' lang='lat'>3</span> <span class='ocrx_word' id='word_1_243' title='bbox 1035 4060 1081 4094; x_wconf 86' lang='lat' dir='ltr'>om.</span> <span class='ocrx_word' id='word_1_244' title='bbox 1095 4045 1129 4093; x_wconf 92' lang='grc' dir='ltr'>Β.</span> 
     </span>
     <span class='ocr_line' id='line_1_36' title="bbox 298 4111 1166 4184; baseline -0.008 -16"><span class='ocrx_word' id='word_1_245' title='bbox 298 4121 354 4168; x_wconf 84' lang='lat' dir='ltr'>‘vel</span> <span class='ocrx_word' id='word_1_246' title='bbox 366 4121 545 4170; x_wconf 63' lang='lat' dir='ltr'>meliorantur)</span> <span class='ocrx_word' id='word_1_247' title='bbox 823 4116 843 4149; x_wconf 81' lang='lat'>¹⁶</span> <span class='ocrx_word' id='word_1_248' title='bbox 855 4111 989 4184; x_wconf 67' lang='lat' dir='ltr'>Notaque]</span> <span class='ocrx_word' id='word_1_249' title='bbox 1002 4117 1120 4176; x_wconf 85' lang='lat' dir='ltr'>Quoque,</span> <span class='ocrx_word' id='word_1_250' title='bbox 1137 4113 1166 4161; x_wconf 87' lang='lat' dir='ltr'>V.</span> 
     </span>
     <span class='ocr_line' id='line_1_37' title="bbox 300 4183 1191 4308; baseline -0.009 -71"><span class='ocrx_word' id='word_1_251' title='bbox 300 4186 344 4308; x_wconf 58' lang='lat'>187</span> <span class='ocrx_word' id='word_1_252' title='bbox 360 4189 438 4238; x_wconf 82' lang='lat' dir='ltr'>Actus</span> <span class='ocrx_word' id='word_1_253' title='bbox 459 4190 650 4254; x_wconf 70' lang='lat' dir='ltr'>Apostolorum]</span> <span class='ocrx_word' id='word_1_254' title='bbox 674 4192 691 4239; x_wconf 89' lang='lat' dir='ltr'>i.</span> <span class='ocrx_word' id='word_1_255' title='bbox 722 4196 761 4252; x_wconf 81' lang='lat'>15,</span> <span class='ocrx_word' id='word_1_256' title='bbox 822 4187 842 4216; x_wconf 87' lang='lat'>³³</span> <span class='ocrx_word' id='word_1_257' title='bbox 864 4187 955 4249; x_wconf 70' lang='lat' dir='ltr'>Valet]</span> <span class='ocrx_word' id='word_1_258' title='bbox 973 4187 1023 4245; x_wconf 89' lang='lat' dir='ltr'>B.;</span> <span class='ocrx_word' id='word_1_259' title='bbox 1034 4184 1146 4245; x_wconf 87' lang='lat' dir='ltr'>prodest,</span> <span class='ocrx_word' id='word_1_260' title='bbox 1162 4183 1191 4232; x_wconf 82' lang='lat' dir='ltr'>V.</span> 
     </span>
    </p>
   </div>
   <div class='ocr_carea' id='block_1_4' title="bbox 1038 4352 1094 4414">
    <p class='ocr_par' dir='ltr' id='par_1_4' title="bbox 1038 4352 1094 4414">
     <span class='ocr_line' id='line_1_38' title="bbox 1038 4352 1094 4414; baseline -0.018 0"><span class='ocrx_word' id='word_1_261' title='bbox 1038 4352 1094 4414; x_wconf 84' lang='lat'>31</span> 
     </span>
    </p>
   </div>
   <div class='ocr_carea' id='block_1_5' title="bbox 0 0 1512 5046">
    <p class='ocr_par' dir='ltr' id='par_1_5' title="bbox 0 0 1512 5046">
     <span class='ocr_line' id='line_1_39' title="bbox 0 0 1512 5046; baseline 0 5"><span class='ocrx_word' id='word_1_262' title='bbox 0 0 1512 5046; x_wconf 95' lang='lat' dir='ltr'> </span> 
     </span>
    </p>
   </div>
  </div>
 </body>
</html>
