3014 5046
372 447 417 510 66
683 461 855 509 mussona
878 461 1008 508 ornum.

212 641 315 689 rasus
426 622 514 706 559.
536 621 605 686 Sed
636 627 672 686 et
698 626 840 684 sanctus
868 620 891 684 J
894 620 939 683 ob
967 617 1148 694 attendite,
1174 617 1258 700 quid
1286 617 1330 682 de

210 691 322 732 mm
374 723 544 806 principio
565 722 748 804 impiorum
770 728 805 784 et
828 720 896 783 fine
919 718 1176 801 disceptaverit,
1199 718 1329 797 dicens,

376 822 525 906 Propter
553 822 646 906 quod
675 821 772 904 impii
798 820 935 898 vivunt,
961 827 997 883 et
1018 825 1207 882 senuerunt
1229 819 1329 884 inho-

375 930 486 1000 neste,
515 929 551 987 et
579 941 696 986 semen
732 939 851 986 eorum
888 920 1077 983 secundum
1121 919 1329 983 desiderium

376 1042 506 1101 eorum,
529 1030 564 1087 ct
579 1022 642 1086 filii
664 1042 781 1087 corum
797 1027 879 1084 ante
902 1028 1123 1101 conspectum
1140 1039 1271 1096 eorum
1294 1026 1330 1084 et
1358 1025 1373 1070 ⁵

375 1124 497 1187 domus
513 1143 630 1187 corum
652 1121 839 1186 fructuosae
853 1128 948 1198 sunt,
971 1128 1006 1184 et
1020 1122 1124 1184 timor
1138 1139 1328 1203 nunquam,

376 1243 439 1287 nec
457 1224 563 1306 plaga
582 1222 724 1286 Domini
747 1228 922 1302 estsuper
946 1240 1018 1284 eos.
1070 1219 1191 1284 Vacca
1209 1239 1329 1285 eorum

376 1343 446 1386 non
468 1323 644 1399 abortivit,
669 1329 704 1384 ct
725 1340 912 1404 praegnans
936 1340 1054 1384 corum
1081 1321 1225 1402 pertulit
1247 1340 1331 1403 par-

376 1430 463 1500 tum,
491 1428 527 1486 et
557 1443 627 1486 non
655 1421 796 1498 erravit,
828 1420 889 1483 sed
920 1427 1100 1501 permanet
1127 1420 1218 1486 sicut
1245 1438 1329 1486 oves

377 1530 529 1586 aeternae.
583 1522 630 1586 Et
651 1523 749 1604 pueri
762 1540 880 1585 eorum
897 1521 1062 1602 gaudent,
1077 1527 1114 1585 et
1127 1521 1330 1602 psalterium
1343 1535 1375 1581 ro

377 1630 551 1687 sumentes
579 1629 615 1685 et
643 1621 822 1705 cytharam
848 1621 1011 1685 finierunt
1032 1621 1070 1685 in
1092 1623 1192 1686 bonis
1221 1621 1331 1686 vitam

377 1742 487 1799 suam,
510 1724 547 1786 in
568 1723 721 1805 requiem
742 1721 929 1786 inferorum
951 1721 1176 1786 dormierunt.
1228 1721 1331 1786 Nun·

377 1823 461 1906 quid
483 1823 581 1887 Deus
603 1821 697 1886 facta
722 1822 905 1906 impiorum
931 1842 1002 1885 non
1027 1822 1194 1903 respicit?
1246 1819 1331 1887 Non

377 1944 473 2006 ergo,
493 1925 553 1987 sed
575 1922 717 1986 lucerna
737 1923 920 2006 impiorum
942 1922 1178 2003 extinguetur,
1208 1928 1244 1986 et
1270 1941 1330 1987 su-

377 2025 557 2106 perveniet
582 2024 631 2086 cis
658 2024 802 2100 eversio,
829 2031 865 2086 ct
892 2023 1028 2087 dolores
1053 2030 1220 2105 tanquam
1248 2041 1330 2105 par·
1344 2035 1375 2082 rr

379 2124 538 2188 turicntis
564 2143 623 2186 eos
651 2125 695 2187 ab
724 2123 777 2187 ira
804 2124 982 2187 tenebunt.
1035 2122 1082 2187 Et
1111 2129 1214 2187 erunt
1240 2123 1331 2188 sicut

378 2224 489 2305 paleae
498 2231 645 2300 avento,
661 2231 696 2287 et
710 2224 801 2288 sicut
809 2224 935 2306 pulvis,
949 2244 1051 2305 quem
1062 2224 1206 2289 abstulit
1216 2224 1329 2288 turbo.

380 2322 556 2388 Deficiant
570 2323 649 2386 filiis
665 2323 740 2407 ejus
754 2326 858 2402 bona,
871 2324 1014 2388 videant
1031 2325 1122 2387 oculi
1136 2325 1211 2409 ejus
1226 2325 1330 2402 bona,

381 2423 524 2487 videant
538 2423 628 2488 oculi
653 2424 730 2508 ejus
754 2425 960 2489 occisionem
984 2443 1095 2501 suam,
1119 2443 1184 2488 nec
1209 2443 1231 2487 a
1255 2424 1331 2489 Do-·

379 2524 473 2589 mino
495 2524 698 2590 resalvetur.
751 2526 798 2589 Et
819 2531 900 2609 post
922 2526 1102 2608 aliquanta
1130 2525 1173 2588 de
1199 2524 1377 2604 iisdem,2o

381 2624 451 2702 Qui
474 2645 626 2707 gregem,
654 2626 780 2709 inquit,
805 2646 882 2690 curn
907 2632 1047 2709 pastore
1070 2631 1271 2709 rapuerunt,
1298 2630 1335 2690 et

375 2723 572 2807 jumentum
606 2725 839 2807 orphanorum
877 2727 1108 2804 abduxerunt,
1144 2733 1180 2790 et
1210 2727 1333 2790 bovem

380 2825 494 2887 viduae
516 2825 799 2906 pignoraverunt,
820 2831 854 2887 et
874 2826 1136 2890 declinaverunt
1154 2827 1334 2908 imponen-

381 2929 434 2986 tes
457 2943 479 2986 a
492 2923 551 2987 via
573 2924 801 2986 necessitatis
853 2921 988 3003 Agrum
1011 2931 1093 2988 ante
1112 2932 1249 3008 tempus
1263 2945 1335 2991 non

381 3040 482 3085 suum
506 3021 652 3084 demessi
674 3029 767 3097 sunt,
793 3040 964 3104 pauperes
993 3023 1188 3103 potentium
1212 3026 1377 3098 vineasns

380 3121 455 3184 sine
483 3120 638 3184 mercede
668 3126 703 3184 ct
733 3121 808 3184 sine
838 3121 914 3184 cibo
944 3123 1077 3203 operati
1103 3128 1197 3200 sunt,
1221 3125 1335 3189 nudos

380 3221 508 3284 multos
530 3220 677 3284 dormire
690 3220 846 3285 fecerunt
863 3221 937 3285 sine
952 3221 1178 3300 vestimentis,
1194 3231 1334 3306 tegmen

380 3321 506 3385 animae
529 3341 647 3384 eorum
668 3322 897 3386 abstulerunt.
950 3323 996 3386 Et
1017 3330 1098 3406 post
1110 3344 1235 3407 pauca,
1254 3344 1333 3390 cum

381 3442 463 3504 ergo
486 3421 590 3486 sciret
604 3442 722 3486 eorum
737 3443 853 3506 opera,
876 3422 1018 3487 tradidit
1032 3443 1091 3488 eos
1110 3425 1147 3488 in
1160 3426 1332 3489 tenebras.

381 3521 614 3587 Maledicatur
634 3543 717 3605 ergo
739 3542 821 3606 pars
835 3523 911 3608 ejus
927 3543 949 3586 a
962 3531 1065 3603 terra,
1080 3525 1218 3606 pariant
1232 3524 1333 3608 plan·
1345 3544 1377 3591 so

379 3624 530 3687 tationes
552 3623 627 3707 ejus
650 3623 766 3687 aridae.
820 3623 1048 3688 Retribuatur
1069 3645 1152 3707 ergo
1171 3625 1222 3707 illi
1243 3625 1341 3690 sicut

381 3723 464 3802 egit,
497 3723 747 3785 contribuletur
775 3725 885 3787 omnis
913 3725 1052 3807 iniquus
1081 3725 1172 3789 sicut
1200 3724 1334 3808 lignum

380 3821 454 3884 sine
479 3821 639 3885 sanitate.
694 3822 738 3885 In
765 3823 944 3888 iracundia
973 3825 1066 3889 enim
1094 3844 1239 3908 surgens
1268 3826 1334 3889 im·

379 3929 555 4004 potentem
592 3922 726 3987 evertit.
781 3924 972 4007 Propterea
999 3925 1090 3989 enim
1120 3947 1190 3990 non
1218 3927 1335 3992 credet

379 4119 560 4241 {aiiii
562 4124 583 4240 ii
595 4127 758 4244 ⁷T‘l3'··l⁷1i
773 4126 843 4175 xxiv.
875 4125 977 4243 0va
1013 4196 1031 4244 ἰ
1070 4197 1121 4246 rs
1190 4197 1196 4209 ·
1245 4199 1262 4246 a
1294 4198 1325 4245 rs

397 4226 441 4286 '¹⁸’
454 4208 843 4328 Diflciiritc...’.xcbirlslsquubtur.]
871 4268 913 4330 20,
925 4197 1079 4328 “capg-gii.
1089 4212 1132 4317 (id,
1152 4212 1222 4247 mv·
1262 4229 1272 4260 ’
1326 4230 1335 4259 '
