3014 5046
283 1105 463 1187 VITA
508 1106 766 1189 SANCTI
815 1106 1087 1190 GILDAE.

623 1384 786 1392 ——-—--—

263 1544 326 1626 §L
352 1543 439 1607 Nau
456 1543 522 1608 suit
544 1564 607 1607 rex
631 1545 768 1621 Scotiae,
793 1543 1026 1607 nobilissimus
1043 1563 1161 1624 regum
1176 1556 1255 1602 (tadu,
1265 1555 1299 1627 1112¹

212 1643 471 1724 aquilonalium,
494 1643 554 1724 qui
568 1643 693 1725 viginti
710 1652 744 1707 et
760 1651 910 1725 quatuor
932 1642 1021 1705 filios
1042 1609 1299 1705 habuitlmm'

111 1807 113 1809 ,
214 1742 361 1805 victores
396 1743 590 1818 bellicosos,
620 1762 766 1824 quorum
795 1760 886 1803 unus
920 1741 1163 1804 nominabatur

183 1839 348 1918 ⁵Gildas,
379 1861 481 1924 quem
509 1849 670 1923 parentes
697 1841 751 1904 sui
780 1839 1024 1903 commiserunt
1046 1839 1161 1903 studio

212 1941 399 2005 literarum.
446 1940 541 2004 Puer
551 1943 651 2005 bonae
666 1941 791 2005 indolis
805 1947 840 2002 et
855 1939 1031 2003 studiosus
1047 1939 1163 2002 floruit

211 2040 363 2122 ingenio,
379 2041 542 2123 quicquid
558 2041 720 2105 audiebat
736 2061 758 2104 a
773 2039 940 2120 magistro
956 2059 1161 2104 commemo-

213 2143 312 2205 rabat
323 2140 596 2222 diligentissime,
609 2161 671 2205 nec
682 2142 831 2206 laedebat
841 2140 981 2203 oblivio.
1021 2139 1162 2202 Studuit

213 2240 388 2305 studiosus
408 2241 545 2305 assidue
566 2241 657 2306 inter
679 2250 778 2306 vates
797 2241 833 2303 in
859 2241 992 2305 artibus
1018 2247 1160 2321 septem,

169 2356 201 2399 ιο
213 2340 322 2405 donec
336 2341 493 2423 pervenit
504 2341 548 2404 ad
561 2341 793 2424 juventutem,
804 2339 887 2402 dum
897 2337 1039 2423 juvenis
1048 2338 1161 2402 sactus

212 2440 281 2504 cito
296 2440 448 2504 deseruit
461 2441 648 2521 regionem.

263 2539 327 2625 §2
351 2539 609 2603 Transfretavit
631 2559 724 2602 mare
745 2538 932 2614 Gallicum,
953 2539 989 2600 in
1009 2537 1161 2599 civitati·
1174 2546 1299 2636 {mpla

211 2641 275 2703 bus
297 2638 424 2702 Galliae
447 2639 611 2701 remansit
633 2639 775 2701 studens
798 2639 926 2719 optime
948 2636 1062 2717 spatio
1085 2653 1162 2715 sep·
1271 2625 1275 2641 '

212 2746 282 2802 tem
311 2757 491 2815 annorum,
516 2737 612 2801 etin
638 2737 785 2801 termino
813 2736 949 2820 septimi
971 2735 1054 2797 anni
1084 2753 1162 2797 cum

170 2857 340 2919 lomagna
362 2838 451 2901 mole
468 2837 682 2901 diversorum
700 2837 912 2901 voluminum
935 2832 1100 2898 remeavit
1118 2834 1162 2897 ad

214 2937 385 3020 Majorem
402 2937 631 3001 Britanniam.
684 2935 816 3001 Audita
832 2936 924 3001 sama
942 2935 1161 2998 famosissimi
1175 2942 1295 3032 mm

212 3035 368 3115 advenae,
390 3037 632 3101 confluxerunt
655 3036 699 3101 ad
722 3058 800 3101 eum
827 3036 1001 3101 scholares
1024 3034 1163 3116 plurimi
1249 3021 1253 3038 '

212 3137 375 3219 undique,
407 3137 592 3203 audierunt
614 3139 658 3200 ab
681 3158 722 3201 eo
748 3146 880 3220 septem
903 3135 1162 3217 disciplinarum

213 3236 392 3300 scientiam
423 3237 657 3312 subtilissime,
689 3237 779 3300 unde
809 3257 854 3300 ex
884 3235 1060 3317 discipulis
1089 3253 1162 3297 ma-

166 3335 312 3416 registri
326 3335 438 3399 effecti
452 3344 534 3399 sunt
547 3336 612 3397 sub
628 3334 820 3415 magistrali
834 3335 975 3396 honore.

466 3572 552 3620 Norrs
569 3585 620 3620 auo
637 3573 752 3620 Varrone
769 3573 908 3620 Rsumncs.

247 3664 258 3695 ²
276 3661 417 3732 Naustat]
436 3665 498 3713 This
515 3680 632 3728 passage,
649 3681 677 3715 as
738 3662 749 3694 2
767 3659 879 3732 Statim]
903 3664 1043 3727 Scotorum,
1067 3664 1163 3722 Urlrr;

213 3737 252 3786 t'ar
267 3751 296 3785 as
309 3737 352 3785 the
367 3735 439 3783 word
452 3736 640 3799 ‘Juventutem,'
656 3737 678 3785 is
703 3736 830 3797 Albaniae,
844 3737 935 3798 Cupgr.

213 3806 307 3868 quoted
329 3807 363 3867 by
386 3806 479 3868 Usher,
502 3806 626 3856 Primord.
650 3822 676 3867 p.
738 3804 748 3836 ³
769 3807 868 3868 Viginti
890 3805 1055 3868 etcertum]
1076 3805 1106 3852 In
1125 3805 1161 3852 M.

214 3880 271 3926 oto.
702 3877 761 3938 only
783 3876 840 3925 lour
867 3889 925 3924 sons
948 3889 990 3922 ere
1012 3875 1164 3934 mentioned,

248 3943 259 3975 ⁹
277 3945 357 4008 Nutu]
369 3945 423 3994 ‘Ibe
436 3946 492 3994 MS.
505 3945 534 3993 ot‘
542 3946 592 3994 this
604 3945 676 3994 work
702 3947 752 3994 and
763 3945 828 3995 their
838 3958 924 3993 names
937 3944 1064 4003 specilied.

213 4016 281 4067 cited
294 4014 329 4077 by
344 4015 408 4064 Bale
424 4015 495 4076 read,
508 4016 615 4064 ‘Natus
628 4016 677 4064 luit
738 4014 748 4045 ⁹
762 4015 856 4076 Vates]
866 4013 1063 4075 B.;suates,A.,
1076 4013 1164 4060 Uulter.

213 4099 258 4136 rex
281 4086 412 4134 Pictorum
435 4086 546 4135 nobilis!
582 4085 677 4134 Mabil·
738 4083 759 4114 ¹²
777 4083 953 4144 Trunqsretocit
967 4116 974 4131 .
987 4118 993 4131 .
1008 4082 1164 4131 .excelleuti-

208 4148 276 4206 'lon's
290 4155 394 4217 Legend
408 4154 472 4204 calls
485 4155 537 4203 him
554 4155 675 4214 Caunum
703 4150 769 4223 buu]
794 4154 899 4203 Ushers
921 4157 981 4200 next
999 4158 1096 4202 extract
1114 4168 1165 4201 am·

213 4226 264 4274 and
275 4225 440 4287 Capgrave‘s,
452 4225 515 4274 Cau.
701 4225 789 4273 braces
801 4224 851 4272 this
862 4237 979 4285 passage,
990 4239 1016 4283 p.
1029 4228 1087 4273 442.

949 4320 1014 4364 31³2
