3014 5046
204 927 277 967 Gildas
285 939 329 976 pro·

205 988 265 1018 cures
274 989 337 1027 peace
344 991 350 1027 ς

366 453 405 516 xl
649 470 733 516 vmn
757 469 885 516 snucm
910 469 1040 515 crnnAE.

366 625 499 690 audivit
521 626 660 689 tandem
681 625 776 689 illam
804 632 1047 688 remanentem.
1101 622 1202 686 Illico
1226 635 1318 688 com*

365 726 474 789 movit
497 726 670 789 exercitus
700 725 808 788 totius
836 724 1020 788 Cornubiae
1045 729 1081 786 et
1110 723 1316 806 Dibuenioe;

366 833 525 907 paratum
541 833 594 889 est
607 825 733 888 bellum
749 826 839 888 inter
853 824 1023 887 inimicos.

417 925 503 1006 §IL
528 924 610 988 Hoc
639 925 726 1001 viso,
753 926 859 987 abbas
891 922 1097 1000 Glastoniae,
1129 922 1317 988 comitante

365 1022 456 1086 clero
468 1032 503 1088 et
519 1023 625 1087 Gilda
638 1024 805 1106 sapiente,
814 1023 960 1087 intravit
973 1022 1104 1086 medias
1114 1023 1217 1101 acies,
1233 1043 1315 1087 con·
1343 1045 1358 1088 o

364 1123 472 1188 suluit
495 1123 632 1186 Meluas
654 1125 729 1205 regi
751 1142 814 1186 suo
836 1123 978 1206 pacifice
1000 1130 1040 1186 ut
1063 1121 1221 1186 redderet
1234 1142 1315 1206 rap-

364 1229 435 1285 tam
450 1243 458 1302 ;
482 1222 617 1286 reddita
632 1242 715 1304 ergo
730 1222 808 1301 fuit,
831 1242 909 1306 quae
925 1221 1099 1285 reddenda
1113 1221 1239 1298 fuerat,
1252 1243 1315 1305 per
1416 1245 1419 1252 ·

363 1341 482 1402 pacem
498 1329 533 1385 et
548 1322 826 1386 benivolentiam.
880 1322 948 1384 His
960 1322 1121 1403 peractis,
1136 1320 1204 1384 duo
1214 1341 1313 1403 reges

362 1419 481 1501 largiti
498 1429 579 1485 sunt
594 1423 711 1485 abbati
726 1421 837 1483 multa
854 1421 1039 1499 territoria,
1062 1422 1121 1503 qui
1143 1429 1314 1486 venerunt

347 1521 406 1601 ¹ad
430 1521 612 1603 Templum
635 1521 670 1584 S.
696 1520 820 1583 Mariae
843 1519 1052 1584 visitandum
1075 1528 1110 1584 et
1132 1520 1312 1599 orandum,
1324 1539 1356 1584 lo

196 2315 265 2354 bullds
275 2327 287 2355 a

200 2366 323 2416 hermitage.

192 3504 232 3544 llis
243 3506 313 3546 death.

362 1620 586 1684 confirmante
614 1622 738 1684 abbate
772 1620 1024 1683 fraternitatem
1052 1620 1212 1683 dilectam
1248 1641 1312 1703 pro

362 1737 447 1800 pace
473 1720 591 1784 habita
620 1728 654 1783 et
682 1740 745 1802 pro
772 1719 946 1783 beneficiis
974 1739 1052 1802 quae
1081 1720 1246 1796 fecerant,
1277 1727 1312 1783 et

362 1819 509 1901 amplius
524 1840 602 1901 quae
616 1820 742 1883 facturi
756 1827 865 1882 erant.
919 1819 1006 1882 Inde
1021 1819 1196 1883 redierunt
1211 1839 1309 1900 reges

361 1919 545 1999 pacificati,
567 1920 805 2002 promittentes
828 1926 1033 1983 veneranter
1052 1918 1190 1982 obedire
1212 1939 1309 1983 reve·

360 2019 555 2082 rentissimo
579 2019 695 2082 abbati
714 2017 920 2096 Glastoniae,
935 2024 971 2081 et
985 2037 1162 2097 nunquam
1178 2018 1307 2082 violare
1322 2033 1353 2079 1⁵

360 2118 613 2180 sanctissimum
633 2119 757 2194 locum,
781 2137 844 2180 nec
867 2116 971 2180 etiam
993 2115 1209 2199 subjacentia
1230 2116 1308 2182 loco

359 2216 551 2298 principali.

411 2315 496 2397 §la
521 2315 656 2379 Habita
688 2316 829 2381 licentia
869 2314 1004 2380 abbatis
1039 2313 1307 2393 Glastoniensis,

357 2413 441 2476 cleri
454 2423 489 2479 et
504 2416 635 2498 populi,
650 2416 782 2498 cupivit
797 2415 1076 2497 religiosissimus
1094 2414 1217 2478 Gildas
1231 2436 1305 2479 ere-

353 2513 525 2577 mitariam
550 2519 676 2579 iterum
702 2515 810 2579 vitam
833 2516 945 2579 colere
967 2534 1073 2597 supra
1101 2514 1211 2597 ripam
1240 2515 1351 2577 flu-ao

354 2612 456 2677 minis
471 2615 622 2697 proximi
637 2614 843 2692 Glastoniae,
866 2623 901 2678 et
918 2616 1132 2679 voluntatem
1154 2615 1304 2696 comple-

353 2711 406 2777 vit
418 2713 455 2775 in
470 2735 584 2797 opere.
638 2714 694 2778 Ibi
709 2715 894 2779 aedificavit
916 2714 1094 2778 ecclesiam
1108 2713 1144 2775 in
1167 2713 1304 2777 nomine

355 2821 485 2877 sanctae
505 2823 540 2878 et
554 2814 742 2877 individuae
765 2814 961 2889 TrinitatiS,
983 2813 1020 2875 in
1035 2831 1104 2894 qua
1122 2812 1305 2896 jejunabat

354 2919 390 2974 et
404 2915 525 2977 orabat
540 2913 677 2976 assidue
692 2921 727 2976 et
738 2912 850 2975 cilicio
863 2911 1015 2987 indutus,
1031 2910 1226 2991 exemplum
1242 2911 1303 2974 do-

354 3029 441 3073 nans
459 3011 617 3075 omnibus
640 3010 936 3092 irreprehensibile
957 3011 1043 3073 bene
1063 3008 1202 3072 vivendi
1225 3029 1302 3072 cum
1315 3022 1347 3066 25

352 3109 529 3189 religione.
582 3109 784 3174 Visitabant
806 3109 919 3194 sancti
944 3108 1010 3171 viri
1033 3107 1131 3168 illum
1156 3107 1302 3172 visitan-

351 3209 432 3270 dum
459 3209 501 3272 de
522 3208 721 3290 longinquis
750 3194 907 3290 partibus
937 3205 1141 3283 Britanniae,
1172 3225 1302 3271 ammo-

352 3306 416 3369 niti
440 3308 609 3384 redibant,
634 3315 669 3371 et
700 3308 819 3371 audita
846 3308 1064 3371 hortamenta
1092 3312 1127 3369 et
1157 3306 1303 3372 consilia

350 3407 545 3472 retinebant
560 3428 637 3471 cum
651 3407 876 3471 exultatione.

402 3507 419 3589 j
436 3507 489 3570 13.
513 3507 714 3590 AEgrotavit
736 3508 888 3584 tandem,
903 3513 939 3569 et
954 3506 1035 3569 dum
1050 3513 1300 3586 aggravaretur
1312 3523 1344 3568 ao

351 3607 555 3687 aegritudine
585 3607 791 3672 convocavit
820 3608 978 3669 abbatem
1004 3603 1215 3681 Glastoniae,
1239 3604 1299 3686 qui

350 3707 488 3785 rogavit
507 3726 584 3768 eum
603 3726 680 3769 cum
702 3725 830 3786 magna
851 3706 979 3786 pietate
1002 3711 1053 3779 ut,
1076 3704 1174 3767 finito
1197 3723 1299 3766 cursu

349 3804 444 3880 vitae,
473 3804 602 3868 faceret
631 3803 756 3867 deferri
781 3824 905 3886 corpus
931 3823 1032 3867 suum
1054 3802 1098 3865 ad
1125 3801 1298 3866 abbatiam

383 4080 548 4151 2Exercitum]
557 4086 711 4146 Exercitum,
721 4086 807 4135 [leber.
833 4085 925 4145 voniae,
961 4086 1191 4135 Cambrobritannis
1224 4086 1299 4135 Duff-

384 4150 555 4216 ²Diboenioe.]
568 4154 601 4204 A.
617 4156 664 4214 U.;
676 4156 809 4216 Devoniae,
834 4159 910 4216 neynt
921 4155 1015 4205 dictae!

349 4224 382 4271 B.
397 4223 478 4271 Usher
486 4224 632 4274 remarksin
641 4239 657 4272 a
665 4230 731 4286 note,
743 4225 807 4272 ‘Dc-
