3014 5046
354 478 399 542 42
669 495 841 543 nrrsrom
864 495 994 542 omnm.

355 653 512 716 timorem
535 651 611 734 ejus
634 652 726 733 apud
740 660 787 730 te,
810 659 845 715 at
866 652 904 715 in
920 652 1048 728 lutuno,
1071 657 1162 715 tetro
1176 649 1310 733 ignium

355 753 458 834 globo
481 760 689 816 aeternorum
711 758 746 815 te
769 753 879 828 exuri,
904 771 966 815 nec
981 759 1098 815 tamen
1116 751 1308 817 ullomodo

354 853 452 916 mori.
505 851 682 934 Siquidem
696 858 770 915 tam
792 853 1038 916 sceleratorum
1053 852 1124 914 sint
1137 853 1308 934 perpetim

353 952 565 1016 immortales
600 952 673 1034 igni
707 953 844 1030 animae,
881 972 986 1034 quam
1017 959 1216 1016 sanctorum
1245 954 1306 1016 lae-

354 1053 466 1116 titiae?
1337 1069 1352 1114 u

195 1163 334 1211 numurus
407 1153 495 1236 §aa
520 1152 642 1231 ‘Quid
667 1159 706 1216 tu
729 1152 832 1229 enim,
851 1153 1013 1216 insularis
1038 1151 1155 1229 draco,
1178 1152 1307 1217 multo-

194 1214 296 1252 rebulred.

353 1273 431 1316 rum
452 1260 680 1335 tyrannorum
696 1252 858 1335 depulsor
871 1261 943 1316 tam
958 1272 1066 1335 regno
1081 1270 1185 1334 quam
1201 1253 1307 1316 etiam

353 1353 439 1429 vita,
467 1352 744 1435 supradictorum
772 1353 958 1416 novissime
987 1354 1024 1416 in
1054 1358 1174 1416 nostro
1201 1352 1306 1436 stylo,

354 1453 463 1534 prime
484 1453 520 1516 in
543 1452 647 1530 malo,
670 1453 781 1537 major
808 1453 926 1516 multis
953 1453 1111 1535 potentia
1136 1452 1307 1534 simulque

355 1554 500 1631 malitia,
522 1553 653 1634 largior
679 1554 717 1616 in
739 1553 866 1630 dando,
892 1553 1065 1635 profusior
1088 1552 1125 1614 in
1150 1559 1306 1635 peccato,
1320 1569 1353 1617 lo

356 1655 497 1717 robuste
523 1655 640 1730 armis,
663 1653 724 1717 sed
748 1654 872 1716 animae
896 1653 1019 1716 fortior
1043 1651 1199 1730 excidiis
1226 1652 1306 1718 Ma·
1363 1690 1365 1694 ·

356 1753 514 1835 glocune,
537 1755 574 1816 in
587 1761 659 1817 tam
675 1760 813 1818 vetusto
836 1754 1003 1816 scelerum
1020 1758 1227 1830 atramento,
1247 1773 1307 1818 ve·

357 1853 421 1917 luti
444 1853 602 1917 madidus
618 1854 700 1917 vino
723 1853 765 1917 de
788 1852 1013 1917 Sodomitana
1034 1855 1106 1918 vite
1128 1871 1307 1935 expresso,

356 1954 480 2017 stolide
514 1954 708 2018 volutarisl
762 1952 880 2031 Quare
915 1960 1033 2017 tantas
1069 1954 1308 2036 peccaminum

355 2055 461 2135 regiae
485 2053 609 2118 cervici
631 2060 767 2134 sponte,
789 2060 829 2116 ut
842 2054 893 2116 ita
910 2053 1033 2130 dicam,
1056 2053 1351 2132 ineluctabileS,1s

356 2153 524 2216 celsorum
554 2172 617 2216 ceu
642 2154 822 2228 montium,
852 2153 998 2216 innectis
1025 2152 1159 2216 rnolesl
1213 2152 1307 2231 Quid

356 2259 391 2316 te
417 2273 487 2316 non
516 2253 548 2316 ei
575 2272 693 2333 regum
725 2254 877 2316 omnium
907 2253 1011 2335 Regi,
1041 2272 1143 2335 quern
1173 2255 1307 2318 cunctis

357 2373 444 2434 pene
471 2353 663 2416 Britanniae
692 2353 836 2416 ducibus
863 2360 935 2416 tam
959 2374 1068 2435 regno
1089 2352 1182 2431 fecit,
1203 2374 1307 2435 quam

357 2459 470 2516 status
492 2453 694 2517 liniamento
718 2454 909 2531 editiorem,
935 2453 1069 2517 exhibis
1087 2455 1211 2517 ceteris
1233 2474 1307 2517 mo·

354 2553 449 2616 ribus
486 2554 673 2630 meliorem,
712 2554 773 2617 sed
814 2574 916 2618 versa
953 2555 1039 2632 vice,
1077 2553 1305 2618 deterioreml
1319 2564 1352 2610 2⁰

354 2673 500 2735 quorum
535 2654 765 2719 indubitatam
800 2655 1040 2736 aequanimiter
1078 2654 1306 2718 convitiorum

354 2755 563 2818 auscultatio
598 2775 784 2837 parumper
816 2754 1133 2837 adstipulationem,
1170 2755 1306 2818 omissis

354 2853 550 2918 domesticis
574 2855 840 2936 levioribusque,
871 2855 901 2917 si
929 2861 1046 2917 tamen
1076 2854 1194 2935 aliqua
1223 2862 1307 2918 sunt

353 2953 455 3030 levia,
470 2954 589 3035 palata
603 2955 707 3034 longe
722 2954 860 3034 lateque
875 2972 937 3034 per
951 2972 1054 3031 auras
1070 2951 1221 3018 admissa
1235 2961 1305 3018 tes-

353 3059 516 3116 taturam.
570 3051 697 3115 Nonne
726 3054 763 3115 in
799 3053 919 3134 primis
956 3051 1197 3114 adolescentiae
1234 3060 1305 3117 tuae
1318 3073 1351 3120 aa

353 3153 453 3213 annis
479 3152 688 3216 avunculum
710 3172 827 3234 regem
853 3171 931 3214 cum
956 3150 1150 3214 fortissimis
1180 3172 1305 3235 prope-

352 3252 492 3315 modum
513 3252 690 3329 militibus,
714 3272 860 3334 quorum
882 3251 1000 3315 vultus
1023 3271 1093 3314 non
1110 3252 1305 3317 catulorum

386 3483 560 3549 ³Perpetim.]
579 3487 692 3549 Perpeti,
708 3486 738 3536 V.
841 3487 875 3536 A.
890 3487 942 3536 xiv.
960 3486 978 3536 f.
996 3491 1037 3549 84,
1055 3488 1097 3546 5.;
1116 3487 1213 3537 Carte's
1233 3489 1303 3540 Hist.

388 3554 467 3619 ⁸In.]
490 3557 642 3617 V.;om.B.
842 3556 917 3617 Engl.
930 3558 948 3606 i.
961 3557 1070 3616 213;E.
1084 3558 1179 3620 Erana,
1191 3574 1218 3620 p.
1232 3564 1272 3609 68.

388 3623 406 3655 ¹¹
416 3628 583 3689 Maglocuoe]
592 3627 639 3675 See
645 3626 751 3674 Usher’s
759 3627 816 3674 Pri·
877 3623 897 3656 ¹³
918 3627 995 3689 Vita]
1019 3628 1064 3686 V.;
1076 3642 1122 3676 om.
1135 3628 1169 3677 B.

352 3697 433 3744 mord.
452 3712 496 3756 pp.
517 3701 574 3757 528,
597 3700 654 3756 537,
677 3699 735 3756 544,
758 3699 816 3757 545,
877 3693 897 3725 ¹⁶
914 3696 1043 3759 Inductio]
1061 3697 1181 3760 Invectis‚
1197 3698 1227 3747 V.

353 3770 410 3826 559,
423 3769 480 3825 564,
492 3770 549 3826 565,
560 3768 634 3826 1138,
645 3765 696 3812 and
704 3764 745 3812 the
757 3780 816 3825 pas·
877 3761 897 3800 ¹⁷
916 3767 1013 3828 Quem]
1032 3767 1056 3814 A
1068 3781 1128 3829 quo,
1145 3768 1174 3816 V.

353 3849 427 3896 suges
438 3835 548 3883 referred
560 3839 585 3882 to
597 3839 623 3882 at
634 3834 676 3882 the
684 3834 757 3896 place
765 3836 815 3883 last
877 3833 896 3862 ¹⁸
912 3837 1001 3900 Pena]
1038 3838 1092 3886 Om.
1122 3838 1248 3887 Primord.
1276 3853 1302 3899 p.

353 3905 436 3965 cited;
466 3904 582 3954 O'Conn.
614 3904 674 3953 Rer.
705 3905 812 3954 Hibera.
840 3908 898 3955 544.

352 3975 452 4037 Scripp.
465 3976 492 4024 ii.
504 3979 562 4037 151,
574 3979 637 4035 1573
655 3974 724 4024 Gall.
741 3975 812 4025 Mon.
876 3973 895 4002 ¹⁸
912 3976 1004 4039 Fecit]
1034 3977 1160 4027 Primord.
1188 3993 1215 4039 p.
1236 3981 1302 4039 544;

352 4047 388 4094 xi.
417 4051 442 4108 7,
469 4046 519 4094 and
547 4045 611 4094 from
638 4045 690 4093 him
718 4045 812 4094 Matth.
838 4044 971 4108 facturos,
988 4048 1017 4095 V.

352 4115 458 4164 Westm.
486 4116 557 4165 A.D.
586 4120 649 4176 581;
679 4115 813 4164 Camden's
873 4112 893 4145 ¹⁹
901 4117 1059 4180 liutitiorum]
1073 4117 1302 4181 Primord.p.54‹l;

352 4184 494 4246 Britannia,
516 4202 542 4246 p.
566 4190 624 4247 670,
647 4185 708 4234 edit.
731 4189 812 4246 16953
837 4185 937 4250 editior,
955 4188 983 4237 V.

351 4255 412 4302 Vita
431 4255 457 4305 S.
470 4256 556 4317 Kebii,
571 4255 628 4305 MS.
647 4256 713 4304 Con.
733 4256 811 4316 Vesp.
