3014 5046
629 448 798 495 nrisronn
823 447 952 495 cunm.
1220 432 1263 495 51

313 602 452 669 domum
468 604 556 689 ejus,
572 615 608 672 et
622 608 755 672 tradam
775 608 913 674 domum
928 607 1003 691 ejus
1019 608 1109 678 sicut
1123 608 1260 671 domum

312 703 499 793 Hieroboee
519 707 582 770 filii
606 707 759 772 Nabath.
823 708 894 787 Qui
915 716 1071 772 mortuus
1092 708 1194 772 fuerit
1218 709 1261 772 de

310 804 394 881 suis,
408 805 444 868 in
459 806 600 871 civitate
619 808 799 871 comedent
813 828 891 871 cum
907 827 1021 884 canes,
1037 814 1072 871 et
1086 816 1260 872 mortuum

310 923 434 986 corpus
460 906 552 969 illius
579 906 616 969 in
639 926 760 990 campo
784 907 963 971 comedent
985 907 1142 973 volatilia
1163 909 1255 972 coeli.

280 1002 402 1081 ⁶Quid
430 1004 482 1068 illi
511 1026 649 1088 quoque
675 1007 842 1070 scelerato
873 1006 946 1087 regi
977 1006 1088 1073 Israel
1114 1008 1259 1070 istorum

308 1105 603 1186 commanipulari,
616 1106 715 1190 cujus
730 1105 878 1170 colludio
893 1113 928 1169 et
943 1105 1063 1170 uxoris
1084 1107 1164 1169 dolo
1182 1105 1257 1169 Na-

307 1203 391 1266 both
414 1203 579 1268 innocens
601 1205 891 1289 proptervineam
912 1215 1093 1287 paternam
1115 1226 1256 1288 oppres-

308 1320 367 1365 sus
391 1309 455 1381 est,
478 1313 599 1369 sancto
624 1326 683 1369 ore
708 1305 802 1369 illius
831 1305 946 1369 Heliae
974 1312 1079 1388 atque
1108 1305 1255 1386 ignifero

308 1402 450 1465 Domini
476 1405 626 1487 alloquio
655 1405 825 1470 instructo
851 1406 1013 1482 minatur,
1036 1405 1087 1470 ita
1108 1405 1254 1482 dicente,

262 1515 294 1561 rc
304 1500 474 1567 ¹Occidisti
488 1504 629 1588 insuper
641 1511 676 1569 et
689 1505 897 1588 possedisti?
914 1512 949 1569 et
962 1512 1042 1587 post
1052 1505 1128 1569 haec
1137 1506 1253 1582 addes,

308 1600 397 1665 Haec
417 1603 500 1668 dicit
520 1605 703 1683 Dominus,
727 1605 771 1669 In
797 1606 874 1670 loco
892 1605 969 1680 hoc,
995 1604 1120 1686 inquo
1141 1606 1253 1670 linxe-

255 1721 257 1725 ·
305 1700 376 1765 rint
403 1721 505 1767 canes
531 1705 735 1786 sanguinem
765 1704 919 1781 Naboth,
944 1705 1096 1767 lambent
1118 1724 1255 1786 quoque

305 1805 402 1863 tuum
415 1803 629 1884 sanguinem.
682 1803 785 1882 Quod
797 1803 848 1867 ita
859 1802 988 1869 factum
1003 1801 1120 1880 fuisse,
1135 1804 1254 1867 certis-

304 1900 393 1963 sima
406 1903 540 1966 ratione
556 1903 732 1985 cognitum
747 1911 811 1968 est.
863 1903 931 1966 Sed
947 1923 990 1966 ne
1006 1901 1094 1966 forte
1109 1902 1253 1969 secund-

260 2015 291 2059 is
304 2019 362 2062 um
377 2002 611 2084 supradictum
626 2001 760 2080 Achab,
781 2001 923 2084 spiritus
941 2003 1091 2065 mendax
1110 2004 1254 2086 loquens

293 2117 395 2163 ‘vana
412 2101 448 2164 in
463 2122 521 2166 ore
540 2104 784 2185 prophetarum
799 2111 992 2167 vestrorum
1016 2102 1158 2167 seducat
1177 2121 1253 2179 vos,

304 2219 347 2262 ne
376 2219 550 2266 sermones
579 2203 720 2267 Michiae
747 2202 926 2285 prophetae
967 2202 1126 2278 audiatiS,
1163 2203 1254 2265 Ecce

302 2302 457 2380 permisit
471 2303 567 2366 Deus
590 2303 749 2384 spiritum
772 2302 942 2366 mendacii
962 2302 999 2364 in
1021 2321 1080 2365 ore
1102 2303 1253 2365 omnium

303 2401 547 2482 prophetarum
570 2409 720 2479 tuorum,
745 2403 806 2483 qui
828 2402 884 2465 hic
905 2407 999 2476 sunt,
1022 2408 1057 2464 et
1082 2402 1253 2466 Dominus

256 2509 289 2554 2⁰
302 2497 438 2563 locutus
453 2508 506 2564 est
519 2509 641 2565 contra
655 2509 690 2565 te
706 2502 846 2564 malum.
900 2498 993 2562 Nam
1015 2506 1051 2562 et
1073 2520 1165 2564 nunc
1179 2521 1252 2564 cer-

301 2604 375 2661 tum
398 2607 452 2664 est
477 2600 612 2681 aliquos
635 2620 711 2664 esse
741 2601 898 2664 doctores
927 2598 1100 2661 contrario
1128 2601 1253 2680 spiritu

301 2699 463 2781 repletos
487 2706 522 2762 et
544 2700 654 2782 magis
678 2718 822 2782 pravam
837 2698 1051 2779 voluptatem
1074 2716 1179 2778 quam
1193 2719 1252 2763 ve-

300 2798 439 2862 ritatem
466 2807 681 2879 asserentes;
713 2819 860 2881 quorum
882 2799 989 2862 verba
1013 2816 1117 2879 super
1139 2799 1253 2865 oleum

301 2898 513 2976 molliuntur,
534 2908 569 2964 et
594 2902 671 2983 ipsa
690 2908 771 2963 sunt
786 2899 918 2982 jacula,
944 2897 1004 2979 qui
1027 2897 1146 2964 dicunt
1169 2918 1252 2981 pax,

255 3015 286 3060 25
301 3018 383 3079 pax,
407 3007 442 3063 et
465 3020 534 3064 non
561 3001 626 3065 erit
642 3002 680 3064 in
710 3001 862 3084 peccatis
888 2999 1144 3063 remanentibus
1168 3017 1251 3080 pax,

301 3105 340 3162 ut
358 3100 440 3163 alibi
462 3101 632 3183 propheta
648 3101 751 3182 dicit3
777 3100 860 3167 Non
883 3108 937 3165 est
954 3099 1104 3182 gaudere
1124 3100 1251 3183 impiis,

300 3197 383 3262 dicit
394 3201 576 3265 Dominus
1041 3206 1043 3210 '

351 3298 431 3381 §4L
446 3298 592 3362 Ananias
605 3319 742 3381 quoque
756 3300 847 3362 filius
862 3299 960 3362 Obed
971 3297 1055 3362 Asae
1065 3298 1252 3363 revertenti

299 3396 341 3461 de
356 3399 450 3461 caede
463 3398 577 3461 decies
592 3406 774 3461 centenum
789 3399 933 3461 millium
948 3399 1119 3461 exercitus
1136 3397 1251 3460 AEthi·

254 3507 285 3550 3⁰
299 3515 403 3578 opum
428 3497 564 3561 locutus
588 3504 642 3560 est
663 3497 793 3574 dicens,
809 3498 980 3560 Dominus
996 3497 1173 3560 vobiscum
1195 3502 1252 3558 est

299 3596 380 3659 dum
397 3598 479 3660 estis
494 3616 572 3660 cum
594 3598 681 3679 ipso,
698 3605 733 3660 et
748 3597 777 3660 si
792 3596 1025 3678 exquisieritis
1048 3614 1138 3670 eum,
1153 3594 1251 3658 inve·
1313 3613 1315 3626 ²

299 3697 414 3761 nietur
439 3717 461 3761 a
480 3698 601 3778 vobis3
625 3705 660 3761 et
682 3698 713 3760 si
735 3696 964 3778 dereliquistis
987 3716 1078 3773 cum,
1104 3693 1251 3758 derelin-

333 4014 479 4079 moesta]
497 4019 510 4063 1
524 4015 587 4076 Reg.
599 4015 653 4063 xxi.
665 4017 706 4062 19.
821 4007 843 4040 ²⁶
854 4011 947 4073 Dicit]
961 4009 1032 4058 Esai.
1044 4008 1125 4057 xlviii.
1137 4010 1169 4055 22
1179 4023 1186 4067 ;
1196 4006 1250 4057 lvii.

327 4082 441 4150 17Εεσιῑ.]
455 4090 468 4134 1
482 4086 546 4146 Reg.
559 4085 622 4133 xxii.
631 4088 672 4132 22.
785 4086 826 4130 21.

325 4152 345 4182 ²⁴
355 4157 435 4220 Pas]
454 4156 544 4204 Ierem.
570 4155 604 4203 vi.
628 4159 677 4214 145
706 4154 759 4202 viii.
822 4147 842 4180 ²⁸
853 4148 932 4211 Asos]
946 4148 989 4195 Ad
1001 4161 1037 4208 se,
1050 4147 1084 4195 Β.
1096 4146 1128 4195 G.

299 4229 339 4276 11.
822 4218 842 4250 ³⁰
855 4219 968 4282 Diceae]
980 4223 996 4267 2
1009 4216 1124 4276 Paralip.
1138 4231 1179 4265 xv.
1193 4219 1204 4262 1
1210 4219 1249 4277 ,1.

1076 4291 1090 4335 3
1105 4290 1144 4334 e2
