3014 5046
517 501 690 548 nersromr
712 501 843 548 sunm.
1113 487 1158 550 43

202 656 312 722 leonis
342 659 377 721 in
405 657 480 721 acie
508 677 717 741 magnopere
752 658 907 741 dispares
942 659 1156 739 visebantur,

203 759 367 822 acerrime
394 777 488 835 ense,
517 758 631 836 hasta,
660 758 745 840 igni,
773 759 1002 842 oppressisti?
1033 779 1155 842 parum

204 859 362 940 cogitans
395 858 636 941 propheticum
666 858 807 936 dictum,
837 859 916 924 Viri
945 862 1155 941 sanguinum

202 963 238 1021 et
259 959 371 1022 dolosi
393 978 463 1022 non
485 958 715 1022 dimidiabunt
736 958 809 1022 dies
831 977 925 1022 suos.
978 958 1072 1037 Quid
1092 981 1155 1043 pro

162 1077 189 1120 e
203 1057 267 1121 hoc
281 1059 356 1122 solo
371 1058 609 1123 retributionis
625 1079 647 1122 a
657 1059 755 1143 justo
767 1058 790 1122 J
792 1059 891 1122 udice
906 1077 1076 1140 sperares„
1089 1063 1156 1124 etsi

202 1178 273 1221 non
298 1159 385 1222 talia
408 1166 645 1240 sequerentur,
670 1178 747 1241 quae
773 1167 894 1223 secuta
917 1167 1010 1236 sunt,
1036 1160 1155 1224 itidem

202 1258 338 1322 dicente
365 1278 428 1341 per
454 1258 677 1342 Prophetam,
699 1259 766 1324 Vae
791 1261 866 1337 tibi,
893 1259 952 1340 qui
975 1260 1154 1341 praedaris,

202 1378 317 1421 nonne
339 1365 375 1422 et
396 1359 471 1441 ipse
493 1360 728 1441 praedaberis?
752 1367 788 1424 et
802 1360 863 1442 qui
879 1359 1019 1438 occidis,
1039 1381 1154 1425 nonne

201 1465 237 1522 et
252 1459 326 1540 ipse
349 1458 538 1523 occiderisl
562 1468 690 1524 etcum
712 1460 878 1524 desineris
893 1460 1054 1543 praedari,
1070 1468 1153 1526 tunc

157 1554 304 1623 ro'cades
318 1558 344 1621 l'

253 1659 271 1741 ξ
292 1659 346 1723 34.
372 1659 527 1723 ‘Nonne
550 1666 736 1743 postquam
760 1660 824 1723 tibi
843 1679 888 1722 ex
905 1666 989 1724 voto
1009 1661 1152 1725 violenti

200 1760 300 1838 regni
334 1759 520 1841 phantasia
553 1761 669 1837 cessit,
705 1759 895 1842 cupiditate
928 1760 1076 1823 inlectus
1108 1760 1152 1824 ad

203 1859 293 1920 viam
309 1859 505 1923 revertendi
519 1866 661 1937 rectam,
678 1859 867 1940 diebusque
883 1877 924 1924 ac
943 1860 1101 1923 noctibus
1114 1860 1152 1944 id

200 1959 377 2041 temporis,
402 1961 614 2023 conscientia
639 1959 728 2023 forte
756 1961 994 2042 peccaminum
1022 1980 1152 2024 remor-

155 2077 186 2121 ιε
200 2057 315 2136 dente,
331 2058 373 2122 de
388 2059 510 2123 deifico
525 2068 645 2124 tenore
660 2059 975 2142 monachorumque
993 2059 1151 2139 decretis,

199 2160 264 2222 sub
290 2159 393 2224 dente
414 2161 562 2243 primum
588 2161 699 2224 multa
722 2160 911 2238 ruminanS,
938 2160 1018 2224 dein
1040 2180 1151 2243 popu-

199 2258 282 2322 laris
305 2279 399 2324 aurae
423 2261 613 2342 cognitioni
635 2260 825 2343 proferens,
848 2261 1053 2325 monachum
1077 2262 1151 2325 sine

200 2358 270 2422 ullo
294 2360 520 2438 infidelitatis,
544 2369 584 2424 ut
606 2362 735 2437 aiebas,
758 2369 929 2442 respectu,
946 2381 1062 2425 coram
1078 2382 1150 2425 om-

201 2458 380 2541 nipotente
410 2461 500 2537 Deo,
530 2462 697 2542 angelicis
727 2461 881 2525 vultibus
908 2461 1148 2544 humanisque,

153 2572 186 2617 ao
200 2560 323 2640 ruptis,
352 2567 393 2624 ut
422 2561 623 2642 putabatur,
653 2560 888 2641 capacissimis
916 2561 998 2636 illis,
1024 2563 1149 2642 quibus

95 2739 96 2743 Ἰ
199 2660 459 2742 praecipitanter
481 2660 612 2723 involvi
639 2659 753 2724 solent
782 2658 930 2741 pingues
956 2661 1047 2723 tauri
1076 2680 1148 2723 mo-

198 2757 272 2821 duli
296 2760 348 2823 tui
375 2760 527 2838 retibus;
555 2760 666 2823 omnis
688 2759 799 2840 regni,
825 2758 912 2836 auri,
941 2761 1088 2841 argenti,
1114 2769 1149 2825 et

198 2857 310 2942 (quod
332 2860 386 2923 his
416 2860 529 2944 majus
559 2857 642 2944 est,)
673 2859 822 2941 propriae
857 2860 1048 2924 voluntatis
1079 2860 1148 2923 dis-

198 2959 423 3023 tinctionibus
446 2961 569 3042 ruptiS,
595 2968 762 3043 perpetuo
777 2959 927 3039 vovisti;
951 2968 987 3023 et
1001 2968 1084 3037 tete,
1107 2980 1148 3024 ac

152 3078 184 3122 aa
198 3059 228 3120 si
245 3061 391 3124 stridulo
411 3081 536 3126 cavum
554 3061 656 3143 lapsu
679 3080 792 3124 aerem
810 3061 924 3125 valide
945 3068 1147 3140 sectantem,

199 3177 380 3244 saevosque
407 3162 518 3244 rapidi
547 3160 766 3243 harpagones
795 3162 969 3243 accipitris
998 3163 1147 3225 sinuosis

197 3257 344 3324 flexibus
367 3263 547 3337 vitantem,
571 3261 615 3324 ad
631 3269 831 3325 sanctorum
853 3263 916 3325 tibi
938 3282 1147 3344 magnopere

198 3357 284 3422 fidas
308 3361 503 3442 speluncas,
528 3359 773 3441 refrigeriaque
795 3360 979 3424 salubriter
1002 3364 1148 3444 rapuisti

196 3477 242 3520 ex
263 3479 367 3523 corvo
393 3459 610 3542 columbam?
664 3459 694 3521 Ο
716 3465 849 3541 quanta
867 3460 1020 3523 ecclesiae
1044 3462 1148 3525 matri

151 3573 182 3618 so
195 3556 331 3636 laetitia,
352 3559 517 3623 sinente
537 3565 740 3622 cunctorum
761 3559 957 3622 mortalium
980 3559 1089 3623 hostis
1105 3560 1147 3623 de

195 3658 274 3721 sinu
306 3660 559 3742 quodammodo
588 3659 664 3743 ejus
689 3659 882 3741 lugubriter
906 3660 1147 3738 abstraxisset,

195 3758 303 3824 foret!
358 3760 388 3822 0
418 3779 523 3842 quam
553 3759 715 3842 profusus
748 3760 822 3842 spei
856 3760 1009 3824 coelestis
1037 3760 1146 3824 fomes

195 3857 456 3941 desperatorum
478 3861 650 3937 cordibuS,
674 3868 708 3924 te
730 3860 767 3923 in
789 3860 889 3924 bonis
911 3868 1147 3943 permanente,

229 4081 236 4111 ¹
262 4085 429 4150 Visebaatarl
463 4087 511 4147 V.;
539 4088 659 4136 videban-
720 4083 739 4112 ¹³
754 4087 882 4150 Iniectae]
900 4087 1023 4150 Injectus,
1043 4089 1094 4149 B.;
1109 4089 1147 4136 in-

193 4159 243 4214 tur,
255 4156 289 4204 B.
679 4159 759 4219 jecta,
775 4156 804 4204 V.

229 4223 239 4254 ³
257 4226 452 4290 Prophetiam]
471 4227 516 4277 Ps.
528 4227 562 4276 lv.
576 4232 616 4277 27.
719 4224 739 4253 ⁹⁸
755 4225 915 4290 Salamiton]
930 4229 985 4277 Om.
999 4230 1032 4279 Β.

229 4291 239 4322 ⁷
257 4296 426 4359 Prophetam]
446 4298 516 4346 Esai.
529 4298 620 4347 xxxiii.
634 4302 657 4346 l.
