3014 5046
620 473 790 521 urrsroua
815 475 944 523 clune.
1212 463 1256 527 55

304 627 357 692 vis
383 629 557 693 ascendet.
609 629 823 715 Abjecerunt
851 635 942 697 enim
971 633 1083 714 legem
1113 634 1256 700 Domini

303 729 527 806 exercituum,
558 737 594 792 et
622 731 795 814 eloquium
824 732 937 797 sancti
968 733 1078 798 Israel
1107 734 1253 816 despex-

303 835 415 891 erunt.
469 828 513 891 In
541 831 699 894 omnibus
730 832 783 895 his
812 852 883 896 non
910 839 964 895 est
988 853 1131 897 aversus
1159 834 1254 899 furor

303 926 456 1006 Domini,
471 929 531 993 sed
548 929 660 993 adbuc
675 950 797 993 manus
813 931 888 1013 ejus
905 939 1059 996 extenta.

273 1042 288 1085 s
354 1027 372 1109 ᾗ
385 1028 439 1090 44.
464 1027 511 1091 Et
525 1037 606 1110 post
620 1030 799 1113 aliquanta
811 1030 853 1093 de
866 1030 921 1094 die
936 1030 959 1094 J
962 1031 1066 1095 udicii
1082 1039 1117 1095 et
1131 1051 1254 1113 peeca-

302 1133 417 1190 torum
445 1127 610 1192 ineffabili
643 1137 738 1193 metu
773 1130 983 1211 disceptans,
1017 1132 1079 1206 ait,
1111 1130 1254 1196 Ululate

302 1227 385 1307 quia
400 1247 507 1308 prope
531 1234 584 1291 est
597 1228 669 1292 dies
685 1229 920 1306 Domini—si
936 1237 1017 1293 tunc
1033 1250 1140 1312 prope
1165 1239 1252 1308 erat,

301 1326 385 1407 quid
409 1347 501 1390 nunc
525 1329 862 1411 putabiturl-quia
883 1329 1030 1393 vastitas
1052 1349 1074 1392 a
1095 1329 1173 1394 Deo
1192 1332 1252 1395 ve·

301 1426 384 1490 niet.
437 1427 586 1508 Propter
600 1427 666 1492 hoc
680 1449 798 1493 omnes
820 1449 944 1493 manus
959 1429 1203 1506 dissolventur,
1217 1437 1253 1494 et

257 1539 289 1584 ro
301 1545 401 1589 omne
431 1546 491 1590 cor
518 1526 666 1592 hominis
692 1530 847 1593 tabescet
882 1536 918 1592 et
945 1536 1153 1606 conteretur,
1180 1537 1252 1593 tor·

301 1625 412 1689 tiones
427 1634 463 1689 et
477 1626 612 1690 dolores
632 1630 810 1704 tenebunt,
825 1628 925 1710 quasi
947 1629 1143 1709 parturiens
1157 1628 1251 1692 dole-

300 1725 398 1788 bunt.
451 1725 699 1810 Unusquisque
721 1727 766 1790 ad
788 1729 983 1809 proximum
1003 1747 1103 1791 suurn
1132 1735 1250 1809 stupe-

300 1824 362 1900 bit,
378 1824 483 1888 facies
503 1827 691 1890 combustae
707 1827 824 1890 vultus
849 1827 998 1891 illorum.
1050 1827 1152 1903 Ecce,
1175 1826 1248 1890 dies

300 1922 442 1987 Domini
456 1925 572 1988 veniet
585 1926 732 1989 crudelis
747 1934 783 1990 et
796 1926 1045 2007 indignationis
1064 1925 1199 2007 plenus,
1215 1933 1251 1989 et

257 2035 287 2081 1⁵
299 2022 360 2084 irae
386 2022 591 2107 furorisque,
617 2026 661 2088 ad
686 2026 882 2107 ponendam
906 2033 1034 2089 terram
1063 2026 1099 2088 in
1127 2025 1249 2088 solitu-

299 2121 425 2199 dinem,
439 2131 475 2187 et
487 2132 685 2205 peccatores
700 2126 775 2209 ejus
797 2124 1024 2189 conterendos
1039 2124 1081 2187 de
1096 2144 1149 2202 ea,
1163 2144 1250 2206 quo·

300 2222 393 2285 niam
408 2223 518 2286 stellae
542 2224 622 2287 coeli
646 2232 681 2288 et
702 2225 866 2305 splendor
879 2244 996 2288 earum
1022 2244 1092 2287 non
1117 2242 1250 2306 expan-

300 2320 383 2384 dent
398 2322 515 2386 lumen
536 2342 649 2398 suum,
663 2324 944 2387 obtenebrabitur
956 2324 1009 2387 sol
1022 2324 1057 2386 in
1073 2330 1152 2386 ortu
1174 2343 1250 2400 suo,

301 2427 336 2484 et
348 2420 432 2485 luna
447 2442 517 2486 non
530 2422 723 2503 splendebit
736 2423 772 2485 in
787 2430 940 2504 tempore
962 2441 1038 2497 suo,
1053 2429 1089 2484 et
1100 2423 1250 2487 visitabo

256 2534 288 2579 ao
301 2539 405 2602 super
427 2522 520 2585 orbis
543 2520 647 2597 mala,
677 2528 712 2583 et
738 2529 860 2584 contra
883 2521 1006 2601 impios
1031 2521 1250 2600 iniquitatem

300 2620 465 2701 ipsorum,
493 2627 528 2682 et
556 2621 731 2700 quiescere
754 2619 879 2683 faciam
904 2619 1100 2700 superbiam
1129 2619 1249 2682 infide-

299 2718 395 2796 lium,
410 2726 446 2782 et
460 2719 694 2800 arrogantiam
709 2718 849 2783 fortium
867 2717 1065 2781 humiliabo.
1117 2716 1165 2779 Iit
1185 2718 1250 2782 ite·

299 2837 388 2895 rum,
402 2819 504 2894 Ecce,
519 2818 690 2882 Dominus
709 2818 891 2900 dissipabit
902 2826 1042 2894 terram,
1058 2824 1093 2879 et
1107 2816 1252 2881 nudabit

299 2937 387 2995 eam,
410 2926 445 2982 et
470 2917 600 3000 affliget
621 2918 743 2982 faciem
765 2919 852 3002 ejus,
869 2925 904 2981 et
915 2918 1092 2999 disperget
1116 2916 1251 2980 habita-

255 3039 287 3083 ει
300 3024 392 3081 tores
406 3017 504 3100 ejus3
521 3026 557 3082 et
571 3019 636 3083 erit
658 3020 748 3083 sicut
770 3019 930 3100 populuS,
945 3018 995 3081 sic
1010 3016 1191 3095 sacerdos;
1216 3023 1252 3079 et

299 3118 390 3181 sicut
404 3137 537 3195 servus,
553 3120 603 3182 sic
628 3118 786 3183 dominus
810 3118 908 3201 ejus3
931 3118 1022 3181 sicut
1047 3116 1185 3193 ancilla,
1200 3116 1250 3181 sic

299 3216 438 3280 domina
446 3218 521 3300 ejus
533 3239 542 3297 ;
556 3219 646 3281 sicut
661 3237 789 3295 emens,
804 3219 854 3285 sic
868 3217 926 3281 ille
940 3218 1000 3298 qui
1009 3216 1144 3294 vendit;
1161 3216 1251 3280 sieut

299 3315 500 3392 foenerator,
518 3317 567 3379 sic
579 3316 637 3380 ille
657 3318 716 3397 qui
737 3325 895 3381 mutuum
918 3316 1055 3397 accipit;
1079 3316 1170 3378 sieut
1191 3315 1251 3395 qui

299 3417 436 3496 repetit,
451 3417 500 3476 sic
522 3416 581 3495 qui
604 3415 716 3477 debet.
768 3416 1005 3495 Dissipatione
1028 3412 1252 3493 dissipabitur

256 3522 404 3589 aeterra,
425 3520 461 3577 et
483 3512 674 3594 direptione
696 3513 917 3594 praedabitur.
969 3510 1139 3574 Dominus
1161 3511 1252 3573 enim

298 3614 435 3677 locutus
458 3620 511 3677 est
525 3614 667 3676 verbum
688 3612 765 3690 boc,
789 3613 899 3678 Luxit
921 3617 956 3675 et
980 3609 1126 3674 defluxit
1148 3617 1252 3687 terra,

299 3713 445 3777 defluxit
459 3713 564 3790 orbis,
579 3713 753 3776 infirmata
767 3721 821 3777 est
837 3714 880 3776 ab
896 3711 1150 3775 habitatoribus
1168 3710 1252 3787 suis,

299 3812 381 3893 quia
395 3813 603 3894 transgressi
618 3820 700 3876 sunt
713 3813 819 3894 leges,
836 3818 1059 3876 mutaverunt
1068 3810 1140 3894 jus,
1152 3810 1253 3874 dissi-

299 3921 470 3993 paverunt
483 3912 597 3976 foedus
612 3913 868 3994 sempiternum.
921 3912 1070 3992 Propter
1092 3909 1158 3974 hoe
1180 3929 1253 3972 ma-

256 4029 287 4074 ss
299 4011 438 4077 ledictio
452 4014 589 4077 vorabit
604 4020 742 4077 terram.

350 4113 368 4195 §
382 4113 437 4176 45.
455 4113 502 4176 Et
514 4113 616 4189 infra,
632 4112 867 4194 Ingemiscent
882 4128 1000 4173 omnes
1016 4108 1075 4188 qui
1088 4107 1255 4170 laetantur

300 4213 414 4290 corde,
438 4214 586 4277 cessabit
617 4213 780 4294 gaudium
813 4218 1069 4295 tympanorum,
1098 4207 1254 4290 quiescet
