3014 5046
504 516 677 563 urrsrona
699 517 830 563 omnm.
1103 499 1148 562 ’41

100 655 103 660 ’
195 677 387 735 contemtor
416 673 589 755 sortisque
618 675 694 758 ejus
723 673 917 757 depressor,
941 673 1148 756 cuneglasse,

197 772 358 835 Romana
388 771 510 854 lingua
540 773 652 837 Lanio
679 773 800 838 fulvel
865 773 984 852 Quare
1012 782 1148 838 tantum

196 878 371 936 certamen
401 881 473 937 tam
503 873 699 937 hominibus
730 893 835 956 quam
864 875 941 938 Deo
971 878 1148 957 praestasl

197 972 404 1050 hominibus,
442 974 575 1038 civibus
609 975 752 1052 scilicet,
794 974 899 1037 armis
938 975 1148 1051 exitialibus

168 1073 276 1136 ⁵Deo
303 1073 448 1137 infinitis
478 1074 690 1137 sceleribusl
756 1072 850 1151 Quid
885 1081 1013 1156 praeter
1047 1076 1149 1138 innu-

198 1173 380 1236 merabiles
402 1193 516 1252 casus,
539 1175 680 1257 propria
700 1192 810 1237 uxore
825 1174 938 1256 pulsa,
953 1172 1150 1238 furciferam

199 1292 399 1354 germanam
421 1273 508 1357 ejus,
532 1282 734 1356 perpetuam
758 1275 835 1338 Deo
850 1274 1029 1338 viduitatis
1045 1276 1150 1338 casti-

200 1373 349 1436 moniam
364 1375 633 1456 promittentem,
648 1382 687 1438 ut
702 1373 813 1437 Poeta
827 1375 888 1452 ait,
904 1394 1072 1438 summam
1088 1395 1151 1439 ceu

200 1473 463 1536 teneritudinem
479 1474 713 1538 coelicolarum
728 1474 969 1558 nympharum,
985 1482 1061 1539 tota
1077 1477 1152 1539 ani-

156 1561 247 1639 romi
263 1575 496 1651 veneratione,
511 1575 567 1638 vel
581 1576 697 1657 potius
720 1575 939 1653 hebetudine,
963 1583 1085 1640 contra
1099 1576 1152 1639 in-

201 1672 383 1737 terdictum
412 1671 576 1756 Apostoli
608 1675 813 1757 denegantis
845 1695 948 1757 posse
979 1675 1153 1739 adulteros

201 1774 301 1854 regni
323 1774 475 1837 coelestis
503 1793 578 1837 esse
605 1775 807 1856 municipes
836 1776 1007 1857 suspicisl
1061 1774 1154 1853 Quid

202 1873 351 1955 gemitus
374 1881 479 1955 atque
494 1875 643 1955 suspiria
660 1882 859 1938 sanctorum
874 1883 1015 1958 propter
1031 1881 1065 1938 te
1079 1894 1154 1939 cor-

202 1973 368 2053 poraliter
389 1975 621 2052 moerentium,
644 1975 719 2039 vice
741 1975 900 2038 immanis
926 1976 1047 2039 leaenae
1072 1976 1155 2039 den-

160 2093 189 2135 15
205 2072 289 2136 tium
299 2093 379 2137 ossa
393 2081 454 2137 tua
469 2074 676 2156 quandoque
686 2075 860 2152 fracturae,
870 2077 998 2139 crebris
1008 2077 1156 2159 instigas

203 2172 362 2256 injuriis?
416 2175 557 2252 Desine,
572 2195 703 2257 quaeso,
718 2183 758 2239 ut
769 2175 946 2258 Propheta
957 2177 1018 2254 ait,
1036 2178 1080 2239 ah
1091 2178 1155 2254 ira,

205 2280 240 2336 et
269 2273 466 2356 derelinque
495 2277 706 2340 exitiabilem
736 2295 777 2339 ac
801 2278 1020 2359 temetipsum
1042 2296 1155 2341 macc-

205 2380 372 2451 raturum,
403 2394 504 2456 quem
528 2376 618 2439 coelo
648 2396 689 2440 ac
719 2381 833 2453 terrae,
867 2377 950 2461 (hoc
983 2384 1036 2441 est
1066 2378 1155 2454 Deo,

206 2473 371 2555 gregique
390 2471 497 2558 ejus,)
513 2476 637 2557 spiras,
659 2474 819 2538 furorem.
874 2476 946 2539 Fac
966 2496 1025 2540 eos
1040 2477 1156 2558 potius

153 2587 193 2631 ⁴ao
206 2575 348 2637 mutatis
378 2594 441 2656 pro
469 2581 503 2637 te
534 2593 632 2637 orare
661 2575 825 2651 moribus
849 2575 973 2656 quibus
1001 2583 1157 2657 potestas

207 2674 361 2755 suppetit
384 2693 488 2755 supra
504 2674 668 2737 mundum
684 2673 862 2755 alligandi,
878 2694 955 2737 cum
970 2675 1007 2737 in
1029 2676 1157 2739 mundo

207 2793 285 2836 reos
297 2772 528 2855 alligaverint,
544 2781 579 2837 et
593 2773 762 2849 solvendi,
777 2793 854 2836 cum
868 2775 1077 2856 poenitentes
1088 2777 1157 2839 sol-

208 2874 332 2937 verint.
386 2873 482 2951 Noli,
505 2880 544 2937 ut
566 2875 616 2938 ait
632 2871 834 2957 Apostolus,
858 2876 1003 2957 superbe
1025 2894 1158 2957 sapere,

208 2973 264 3038 vel
279 2993 418 3056 sperare
440 2975 476 3047 in
491 2974 622 3039 incerto
637 2975 846 3052 divitiarum,
870 2975 979 3039 sedin
995 2976 1083 3053 Deo,
1100 2977 1159 3057 qui

163 3089 194 3134 25
208 3082 353 3155 praestat
374 3076 438 3139 tihi
450 3075 560 3138 multa
583 3075 731 3152 abunde,
755 3084 794 3140 ut
809 3096 870 3158 per
885 3076 1160 3140 emendationem

203 3193 342 3238 morum
365 3175 576 3239 thesaurizes
598 3177 662 3240 tibi
682 3175 944 3240 fundamentum
972 3179 1100 3240 honum
1124 3177 1161 3240 in

208 3274 374 3350 futurum,
398 3283 432 3338 et
450 3275 578 3339 habeas
593 3294 711 3339 veram
726 3277 845 3351 vitam,
861 3295 1057 3357 perennem,
1080 3296 1160 3358 pro-

209 3374 311 3451 fecto,
335 3393 405 3436 non
435 3372 635 3453 deciduam3
661 3374 815 3454 alioquin
842 3375 942 3451 scies,
969 3383 1004 3439 et
1029 3376 1161 3439 videbis

210 3475 314 3537 etiam
341 3473 377 3534 in
408 3471 472 3534 hoc
499 3472 627 3547 seculo,
657 3490 762 3553 quam
789 3472 976 3536 malumst
1006 3492 1162 3535 amarum

165 3592 197 3636 so
210 3573 256 3636 sit
285 3571 464 3653 reliquisse
491 3577 527 3633 te
557 3571 744 3634 Dominum
779 3578 889 3648 tuum,
922 3578 958 3635 et
987 3591 1056 3634 non
1086 3590 1162 3635 esse

248 3859 255 3890 ¹
273 3859 420 3922 Satisque]
444 3859 474 3908 V.
485 3875 492 3918 ;
505 3858 623 3918 lotisque,
641 3856 674 3905 B.
686 3873 688 3898 t
700 3856 780 3904 mord.
792 3871 819 3916 p.
831 3858 888 3903 543.

212 3931 296 3980 Usher
307 3931 441 3991 interprets
457 3929 508 3978 this
525 3930 559 3988 by
571 3929 578 3955 ‘
589 3927 676 3988 Cleri,'
737 3923 755 3954 ¹¹
773 3924 905 3987 Apostoli]
924 3925 983 3974 Gal.
996 3941 1020 3972 v.
1033 3929 1073 3972 21.

213 4000 448 4061 minorantes.
738 3992 756 4024 ¹¹
785 3994 962 4056 Mareotim]
992 3994 1163 4056 Versantium,

248 4071 256 4103 ¹
276 4071 432 4133 Coaeglose]
449 4067 678 4117 SeeUsher’sPri·
703 4064 829 4112 Primord.
841 4078 867 4123 p.
880 4067 937 4112 543.

212 4141 292 4190 mord.
305 4157 330 4201 p.
344 4144 400 4188 ola.
739 4132 758 4162 ¹⁶
776 4134 927 4196 Praetura]
946 4133 1078 4195 Fracturs,
1096 4134 1125 4182 V.

249 4207 259 4237 ⁴
286 4210 461 4272 Exitioltbus]
486 4208 678 4270 spiritualibus,
739 4202 759 4234 ¹⁶
776 4204 921 4266 Propheta]
940 4204 986 4252 Ps.
998 4205 1087 4252 xxxvi.
1100 4208 1124 4251 8.

213 4281 265 4341 B.;
282 4280 447 4342 specialibus,
464 4281 504 4342 V,
516 4279 609 4341 Usher,
622 4278 678 4326 Pri·
739 4273 758 4303 ¹³
775 4274 926 4338 Apostolus]
946 4277 959 4323 l
972 4274 1037 4323 Tim.
1049 4275 1083 4323 vi.
1097 4278 1136 4323 17.
