3014 5046
366 422 411 486 74
682 438 854 487 nrrsronn
881 437 1011 484 emon.

367 596 551 681 faustoque
574 596 842 662 intolerabilium
866 595 1081 679 piaculorum
1103 614 1218 673 coeno,
1243 603 1325 678 post

367 697 629 774 sacerdotalem,
649 699 869 780 episcopatus
884 697 941 760 vel
961 695 1179 778 presbyterii,
1194 695 1323 775 sedem,

368 798 428 880 qui
447 818 511 862 nec
528 798 654 862 ibidem
673 817 820 879 usquam
840 796 1014 874 sederunt,
1034 803 1156 878 utpote
1176 795 1322 879 indigni,

367 918 549 981 porcorum
574 918 669 962 more
692 899 903 974 volutantes
927 904 1028 978 rapto
1050 903 1187 960 tantum
1207 915 1322 961 sacer-

367 999 477 1063 dotali
498 1000 647 1076 nomine,
667 1018 731 1062 nec
755 1005 873 1063 tamen
895 1005 1027 1075 tenore,
1049 996 1106 1061 vel
1129 997 1322 1079 apostolica
1349 1018 1365 1062 s

367 1099 538 1180 dignitate
561 1105 724 1182 accepta3
751 1099 812 1162 sed
831 1097 891 1181 qui
911 1097 1063 1161 nondum
1085 1097 1130 1160 ad
1147 1097 1321 1180 integram

367 1199 482 1277 fidem,
498 1205 580 1263 sunt
601 1199 658 1263 vel
673 1200 843 1263 malorum
858 1198 1065 1280 poenitentia
1085 1197 1212 1274 idonei,
1234 1218 1322 1281 quo-

367 1298 470 1363 modo
492 1299 537 1362 ad
553 1299 740 1381 quemlibet
762 1299 1045 1375 ecclesiasticum,
1066 1304 1192 1362 utnon
1207 1296 1322 1362 dicam

366 1417 549 1476 summum,
574 1399 830 1476 convenientes,
853 1406 889 1463 et
911 1399 1028 1480 adepti
1041 1396 1199 1480 gradum,
1219 1417 1322 1479 quem

367 1518 439 1562 non
462 1499 528 1562 nisi
551 1500 664 1563 sancti
693 1507 798 1582 atque
826 1498 981 1581 perfecti,
1011 1505 1046 1561 et
1069 1495 1321 1580 Apostolorum
1332 1517 1365 1564 ro

367 1598 571 1677 imitatores
600 1606 647 1676 et,
675 1606 716 1663 ut
745 1599 909 1681 Magistri
933 1597 1100 1664 Gentium
1125 1598 1240 1662 verbis
1268 1598 1321 1664 lo·

368 1718 467 1782 quar,
486 1699 801 1782 irreprehensibiles
819 1698 972 1781 legitime
991 1705 1027 1762 et
1045 1699 1176 1781 absquo
1192 1717 1328 1782 magno·

368 1800 541 1881 sacrilegii
555 1801 695 1864 crimine
710 1799 914 1882 suscipiunt.

421 1900 508 1984 §62
532 1900 626 1978 Quid
647 1901 738 1965 enim
761 1909 833 1965 tam
861 1899 1002 1982 impium
1026 1905 1167 1980 tamquo
1194 1897 1321 1964 seeles-

368 2006 443 2063 tum
466 2007 531 2077 est,
552 2021 656 2083 quam
682 2001 727 2064 ad
751 2000 1009 2064 similitudinem
1031 1998 1182 2063 Simonis
1208 1999 1319 2082 Magi,
1334 2017 1364 2063 ir

368 2120 438 2163 non
455 2100 763 2165 intervenientibus
780 2101 861 2163 licet
880 2101 1014 2164 interea
1034 2099 1238 2182 promiscuis
1253 2101 1320 2165 cri·

366 2200 528 2277 minibus,
548 2201 767 2282 episcopatus
787 2199 936 2263 officium
955 2200 1011 2264 vel
1031 2199 1236 2284 presbyterii
1249 2207 1320 2264 ter-

366 2319 450 2363 reno
478 2301 602 2382 pretio,
631 2301 723 2382 quod
750 2301 937 2365 sanctitate
967 2300 1140 2382 rectisque
1167 2300 1320 2365 moribus

366 2399 543 2464 decentius
569 2401 770 2482 acquiritur,
800 2401 995 2483 quempiam
1029 2400 1120 2464 velle
1148 2401 1318 2465 merearil

366 2499 434 2563 Sed
453 2500 490 2563 in
512 2520 553 2565 eo
574 2501 633 2565 isti
654 2501 858 2583 propensius
873 2501 930 2565 vel
952 2500 1167 2583 desperatius
1190 2508 1367 2579 ertantur

366 2601 458 2683 quod
493 2620 563 2666 non
594 2602 637 2665 ab
672 2599 852 2684 Apostolis
880 2601 938 2666 vel
964 2598 1212 2683 Apostolorum
1240 2620 1319 2665 suc·

365 2701 571 2778 cessoribuS,
594 2702 692 2765 seda
715 2703 873 2784 tyrannis
896 2708 932 2766 et
949 2720 971 2764 a
987 2707 1086 2783 patre
1104 2720 1222 2765 eorum
1243 2701 1319 2766 dia·

364 2801 445 2864 bolo
468 2800 586 2864 fucata
604 2808 639 2866 et
656 2820 834 2882 nunquam
856 2800 1039 2883 profutura
1061 2807 1181 2864 emunt
1203 2819 1318 2866 sacer-

364 2900 481 2979 dotia;
503 2901 586 2983 quin
608 2902 724 2982 potius
745 2901 841 2964 velut
864 2901 999 2964 culmen
1023 2906 1221 2982 tectumque
1243 2921 1318 2966 ma-

364 2999 475 3063 lorum
498 2999 650 3062 omnium
671 2999 945 3080 quoddamque
969 3018 1040 3062 non
1062 2997 1164 3061 facile
1184 3000 1233 3062 eis
1252 3001 1318 3065 im·
1332 3020 1365 3067 25

364 3105 592 3181 properentur
614 3118 635 3162 a
655 3118 830 3181 quoquam
845 3098 995 3162 admissa
1014 3098 1128 3181 prisea
1141 3098 1198 3162 vel
1212 3116 1318 3180 nova,

365 3205 400 3262 et
425 3199 624 3280 cupiditatis
649 3199 809 3283 gulaeque
831 3198 1011 3277 desideria,
1036 3205 1158 3281 utpote
1180 3219 1318 3283 praepo·
1378 3250 1382 3257 .

365 3298 423 3361 siti
435 3299 622 3364 multorum
632 3298 766 3364 facilius
778 3299 927 3383 rapiant,
942 3299 1098 3364 scelestae
1111 3299 1194 3365 vitae
1206 3307 1317 3364 struc-

363 3406 452 3463 turae
474 3407 723 3484 superponunt.
776 3400 870 3465 Nam
885 3402 915 3465 si
929 3401 1009 3464 talis
1033 3399 1188 3483 profecto
1203 3420 1317 3464 coem-

363 3500 468 3566 tionis
490 3501 643 3566 conditio
657 3502 700 3564 ab
722 3501 979 3583 impudentibus
1001 3501 1090 3578 istis,
1112 3520 1184 3563 non
1205 3500 1317 3565 dicam
1332 3518 1365 3565 so

364 3598 536 3683 Apostolo
572 3601 690 3678 Petro,
723 3602 785 3664 sed
819 3601 960 3665 cuilibet
996 3607 1119 3664 sancto
1147 3600 1318 3666 sacerdoti

399 3806 409 3837 ⁸
430 3809 558 3872 Usquam]
570 3810 654 3871 Saepe,
670 3809 700 3858 V.
890 3806 911 3837 ²⁸
932 3809 1018 3873 Vita]
1031 3811 1104 3872 Vico,
1116 3810 1151 3859 Β.

398 3875 409 3906 ³
426 3880 550 3943 indigni]
567 3880 597 3929 V.
607 3894 614 3939 ;
625 3879 738 3941 indigne,
749 3880 783 3928 Β.
889 3876 909 3907 ²⁸
926 3880 1087 3943 structura]
1103 3881 1269 3944 structuram,
1285 3881 1316 3931 V.

399 3946 538 4013 ⁵Tenore.]
550 3951 655 4012 Tenere,
667 3951 702 3998 B.
888 3947 908 3978 ²⁹
925 3949 1121 4014 Superponunt]
1146 3950 1176 4000 V.
1197 3949 1257 3999 here
1278 3951 1317 3999 in·

398 4016 420 4048 2⁰
435 4021 539 4083 Errant,
550 4021 632 4084 quod]
645 4021 709 4068 Sunt
719 4035 779 4083 quo,
795 4020 826 4070 V.
853 4025 916 4068 serts
938 4019 980 4068 the
1003 4020 1097 4082 words,
1118 4019 1164 4068 ‘ut
1186 4021 1317 4083 praepositi

398 4086 418 4118 ²¹
438 4091 529 4153 Quod]
543 4093 611 4151 Quo,
622 4091 656 4139 Β.
851 4089 974 4138 malorum
986 4089 1089 4139 facilius
1100 4091 1220 4150 rapiant'

398 4154 419 4184 ²⁶
434 4159 571 4224 Admisce]
582 4161 694 4220 Amissa,
708 4160 740 4209 Β.
886 4157 906 4192 ³¹
924 4161 1022 4224 Petra]
1036 4161 1122 4223 Retro,
1134 4162 1168 4211 Β.

398 4222 420 4261 ²⁷
439 4229 527 4292 Utpote
589 4230 709 4293 rapient]
724 4231 779 4281 Om.
793 4229 824 4280 V.
