3014 5046
348 464 391 529 82
659 476 829 525 rrrsrons
856 475 987 524 ernon.

350 635 463 700 sancti
493 630 669 717 Apostoli,
700 633 793 715 quod
821 632 947 713 dignus
978 629 1118 695 habitus
1153 635 1208 693 est
1242 647 1306 712 pro

353 735 492 800 Christo
514 753 597 799 vero
624 733 701 796 Deo
729 733 972 797 contumeliam
994 730 1080 814 pati,
1102 736 1179 794 toto
1205 729 1308 793 corde

353 834 518 900 Trinitati
555 833 686 914 gratias
722 833 823 914 egitt
876 832 965 910 Quis
998 832 1041 895 ob
1072 829 1309 894 testimonium

353 954 474 1000 verum
489 934 566 997 Deo
589 931 767 996 serendum
789 931 930 996 fullonis
946 938 1046 996 vecte
1068 931 1208 994 cerebro
1229 948 1308 1012 per-

355 1053 489 1110 cussuS,
518 1041 558 1097 ut
582 1033 606 1098 J
609 1033 737 1096 acobus
762 1033 905 1115 primus,
934 1032 972 1095 in
1002 1029 1106 1096 Novo
1134 1030 1309 1093 duntaxat
1337 1050 1354 1094 s

355 1135 537 1218 episcopus
548 1131 787 1208 Testamento,
799 1131 1025 1214 corporaliter
1039 1129 1195 1195 interiitl
1220 1127 1310 1206 Quis

356 1234 473 1316 gladio
497 1239 650 1297 vestrum
678 1233 722 1296 ab
751 1231 871 1315 iniquo
901 1230 1067 1314 principe,
1091 1236 1131 1293 ut
1155 1228 1310 1293 Iacobus

357 1333 381 1398 J
383 1333 505 1397 oannis
522 1331 642 1409 frater,
655 1331 769 1413 capite
784 1350 895 1395 caesus
918 1332 997 1394 estl
1049 1329 1150 1408 Quis,
1166 1335 1206 1392 ut
1221 1327 1310 1393 Pro-

356 1432 551 1499 tominister
586 1438 786 1514 martyrque
826 1430 1060 1512 evangelicus,
1099 1428 1164 1494 hoc
1198 1427 1311 1493 solum

357 1532 509 1596 oriminis
536 1531 679 1607 habene,
702 1531 794 1613 quod
810 1531 935 1596 viderit
959 1531 1086 1606 Deum,
1109 1548 1211 1611 quem
1232 1548 1312 1610 per-
1325 1545 1358 1591 ra

357 1633 417 1695 fidi
441 1631 557 1696 videre
586 1631 826 1713 nequiverant,
848 1630 1006 1695 nefandis
1035 1630 1194 1693 manibus
1222 1627 1312 1710 lapi·

357 1733 460 1797 datus
483 1734 561 1796 esti
614 1730 703 1809 Quis
722 1730 868 1795 inversis
890 1730 1034 1812 pedibus
1056 1729 1168 1794 crucis
1188 1725 1313 1791 affixus

358 1852 422 1914 pro
443 1831 638 1896 reverentia
653 1830 784 1895 Christi
801 1830 969 1912 patibulo,
983 1850 1085 1912 quem
1108 1849 1179 1893 non
1200 1827 1314 1891 minus

359 1938 470 1995 morte
497 1952 603 2014 quam
626 1931 701 1995 vita
727 1931 972 2008 honoraturus,
1001 1937 1042 1993 ut
1069 1927 1314 1993 clavicularius

358 2029 418 2094 ille
448 2031 618 2104 coelorum
639 2031 737 2112 regni
760 2031 916 2108 idoneuS,
947 2037 1140 2094 extremum
1167 2027 1314 2093 halitum
1327 2047 1359 2093 15

359 2128 474 2194 suditl
527 2130 616 2208 Quis
630 2150 675 2192 ex
690 2130 789 2194 vobis
805 2130 912 2211 gladii
925 2131 997 2193 ictu
1009 2127 1231 2195 veridicantis
1249 2147 1314 2209 pro

361 2228 576 2293 confessione
603 2227 733 2292 Christi
761 2237 841 2311 post
863 2230 1003 2294 vincula
1033 2229 1193 2305 carceris,
1226 2245 1314 2291 nau-

360 2327 486 2410 fragia,
503 2347 658 2393 amarum
671 2330 849 2410 virgarum
871 2330 1012 2407 caedem,
1027 2337 1108 2413 post
1121 2328 1314 2404 fluminum,

359 2428 547 2505 latronum,
585 2429 751 2509 gentium,
788 2429 1004 2507 ludaeorum,
1041 2429 1314 2513 pseudoaposto-

360 2526 484 2605 lorum,
508 2527 673 2592 continua
691 2529 857 2611 pericula,
872 2537 952 2612 post
973 2530 1087 2606 samiS,
1110 2528 1248 2613 jejunii,
1261 2526 1314 2592 vi·
1326 2543 1362 2591 aa

361 2627 522 2709 giliarum
554 2627 703 2707 laboreS,
736 2638 817 2711 post
853 2637 1029 2712 perpetem
1063 2627 1316 2695 solicitudinem

360 2727 512 2814 omnium
535 2728 769 2806 ecclesiarum,
794 2736 874 2811 post
904 2737 1028 2795 aestum
1051 2749 1115 2811 pro
1145 2726 1317 2793 scandali·

361 2828 531 2905 nantibus,
555 2835 636 2910 post
650 2828 885 2892 infirmitatem
901 2849 964 2911 pro
979 2828 1136 2907 infirmis,
1151 2835 1232 2913 post
1253 2825 1316 2891 ad·

397 3074 407 3106 ¹
421 3077 513 3139 Quod]
535 3079 590 3126 Om.
607 3077 638 3126 V.
887 3076 905 3108 ¹¹
916 3079 1052 3143 Lapidutas
1063 3080 1121 3143 est]
1138 3080 1198 3130 Aet.
1209 3081 1255 3131 vii.
1267 3086 1317 3145 583

397 3141 504 3214 wart]
544 3147 574 3197 V.
597 3147 656 3195 here
684 3147 826 3208 proceeds:
852 3149 886 3198 cf.
899 3154 939 3200 55.

361 3216 445 3267 ‘Quis
464 3216 496 3264 de
513 3217 585 3266 vobis
604 3217 684 3278 gladii
706 3218 759 3266 ictu
781 3232 827 3279 pro
888 3215 908 3249 ¹²
919 3218 1028 3267 Invasit
1036 3217 1159 3282 pedibus]
1177 3219 1315 3284 Eusebius,

363 3286 519 3335 confessione
532 3286 637 3349 Christi,
652 3290 710 3349 post
725 3288 828 3337 vincula
853 3287 889 3338 Η.
910 3289 941 3338 E.
961 3289 989 3338 ii.
1004 3293 1046 3351 25,
1069 3289 1120 3338 and
1141 3289 1179 3339 iii.
1198 3294 1223 3352 1,
1241 3289 1315 3356 (edit.

363 3356 490 3417 carceris‚'
501 3361 559 3418 eta,
570 3358 587 3406 l.
601 3361 641 3406 16.
853 3358 973 3410 Heinich.
986 3359 1004 3408 i.
1016 3363 1073 3420 181,
1085 3357 1155 3423 185,)
1163 3359 1266 3408 informs
1273 3374 1316 3423 us,

399 3424 549 3491 Uocem]
560 3427 622 3476 This
634 3432 741 3477 account
751 3427 781 3476 of
785 3427 827 3475 the
852 3443 921 3490 upon
948 3429 990 3478 the
1012 3429 1141 3491 authority
1162 3429 1191 3478 of
1210 3429 1316 3492 Origen,
1377 3468 1382 3478 .

363 3498 516 3558 martyrdom
528 3497 557 3546 of
564 3498 661 3560 James,
669 3498 711 3547 the
720 3497 828 3545 Brother
851 3498 907 3548 that
918 3499 996 3547 Peter
1006 3514 1060 3548 was
1071 3499 1191 3548 erucified
1201 3498 1265 3548 with
1275 3500 1316 3549 his

365 3567 395 3616 of
401 3582 449 3615 our
462 3567 578 3629 Saviour,
595 3569 617 3617 is
635 3568 691 3616 that
707 3567 827 3616 recorded
852 3568 919 3617 head
935 3569 1105 3631 downwards,
1116 3574 1142 3618 at
1153 3569 1194 3618 his
1204 3584 1262 3617 own
1277 3584 1317 3618 re·

364 3637 400 3696 by
418 3637 593 3698 Hegesippus,
616 3637 732 3686 Clemens
749 3637 828 3686 Alex·
852 3643 935 3698 quest.
969 3639 1017 3688 Dr.
1036 3640 1133 3688 Burton
1151 3641 1317 3702 conjectures,

364 3705 496 3766 andrinus,
507 3705 643 3766 Eusebius,
660 3707 828 3768 Epiphanius,
853 3708 907 3757 and
917 3708 980 3757 with
996 3713 1066 3770 great
1081 3709 1245 3770 probability,
1261 3709 1317 3758 that

365 3773 416 3821 and
437 3775 556 3833 Jerome3
584 3789 600 3822 a
629 3775 753 3837 different,
782 3776 829 3824 but
853 3778 922 3826 Paul
935 3792 990 3826 was
1012 3778 1143 3827 beheaded
1162 3779 1188 3826 in
1203 3779 1318 3828 conside·

364 3857 433 3891 more
454 3843 574 3903 probable
596 3843 693 3906 history
711 3845 734 3893 is
754 3846 828 3908 given
853 3848 934 3897 ration
947 3848 977 3897 of
989 3849 1066 3910 being
1080 3863 1096 3896 a
1107 3848 1205 3897 Roman
1215 3849 1316 3898 citizen.

365 3913 400 3973 by
410 3913 549 3976 Josephus,
559 3928 604 3961 xx.
612 3918 636 3964 8.
673 3915 720 3964 See
733 3915 827 3966 Euseb.
853 3918 901 3965 See
919 3917 1041 3967 Lectures
1066 3933 1099 3966 on
1115 3919 1185 3967 Eeel.
1206 3917 1320 3967 Histoi

366 3982 402 4031 H.
414 3984 445 4034 E.
457 3983 485 4032 ii.
497 3987 539 4045 23,
550 3982 623 4049 (edit.
641 3983 794 4048 Heinichen,
810 3986 828 4036 i.
853 3987 896 4036 the
919 3987 987 4037 First
1011 3989 1086 4037 Ceut.
1107 4003 1134 4050 p.
1158 3992 1215 4050 aab,
1234 3988 1315 4038 Lond.

365 4050 632 4116 163,)andssasnage,
645 4055 737 4105 Annal.
750 4056 828 4105 Polit.
854 4060 926 4106 1831.

365 4122 437 4171 Eecl.
448 4123 518 4174 A.D.
527 4128 570 4186 60,
580 4124 593 4186 ς
605 4129 629 4174 6.
890 4124 909 4156 ¹⁶
924 4127 1112 4192 Veridicoatis]
1133 4127 1318 4191 Veridioantes,

385 4188 411 4271 ”⁷
421 4192 528 4309 ssacobus
538 4189 754 4263 adsensorem]
768 4193 827 4244 Act.
854 4196 888 4246 B.

365 4273 411 4309 ιιι.
442 4295 449 4310 .
