3014 5046
521 462 702 511 curruum
727 464 825 511 mum
850 465 1061 524 suQuuurrs.
1241 455 1262 518 7

308 615 456 700 Anglice
480 618 701 682 Wallesende
730 618 867 695 dicitur,
891 618 1015 683 Latine
1039 640 1121 684 vero
1145 622 1261 705 Caput

309 717 404 781 Muri
425 719 684 800 interpretatur,
714 738 792 800 quae
823 726 877 782 est
898 719 1004 802 juxta
1031 719 1258 801 Tinemuthe3

307 817 367 899 qui
389 837 508 881 murus
531 819 677 882 multum
699 818 807 882 distat
831 837 852 881 a
872 818 1020 901 praefato
1044 820 1138 885 vallo
1166 822 1259 904 apud

307 917 494 995 meridiem,
525 939 627 1000 quem
655 925 759 981 antea
788 916 880 999 apud
907 917 997 981 Kair
1026 919 1124 982 Eden
1153 940 1259 1004 supra

277 1035 291 1078 5
307 1037 400 1081 mare
415 1017 543 1082 Scotiae
559 1018 824 1082 constituerunt.

358 1116 484 1180 Caum.
502 1117 598 1181 XII.
622 1117 783 1194 Qualiter
809 1135 895 1198 gens
918 1119 1041 1180 scabra
1063 1118 1256 1198 Scotorum,

306 1223 483 1299 comperta
508 1217 732 1281 excusatione
757 1216 1005 1294 Romanorum,
1031 1217 1067 1280 in
1095 1219 1256 1283 Britones

305 1316 568 1393 insurrexerint,
584 1325 620 1381 et
635 1335 694 1380 eos
709 1317 946 1398 persequendo
960 1317 1173 1382 incesserint.

357 1416 482 1480 ΟΑΡΙΤ.
501 1416 619 1481 ΧΙΙΙ.
647 1415 750 1495 Quod
765 1415 928 1482 Britones
947 1416 1059 1480 adhuc
1084 1438 1178 1482 more
1198 1437 1254 1481 so-

259 1536 291 1582 lo
304 1514 367 1579 lito
384 1516 427 1579 ad
443 1517 622 1581 Romanos
645 1516 822 1580 mittentes
845 1513 931 1578 nihil
952 1515 1171 1598 profecerint,
1194 1518 1255 1582 sed

304 1634 440 1679 rursum
454 1616 526 1679 suis
539 1617 670 1680 viribus
685 1615 873 1680 innitentes
890 1615 1009 1678 Pictos
1026 1616 1253 1699 propulerint.

355 1714 480 1779 ΟΑΡΙΤ.
499 1710 610 1779 XIV.
634 1714 817 1792 Quomodo
839 1714 950 1777 omnis
966 1714 1107 1797 justitia
1129 1735 1152 1778 a
1174 1717 1253 1780 Bri·

304 1812 442 1877 tonibus
467 1814 619 1897 perierit,
645 1821 680 1877 et
704 1812 815 1877 omnis
841 1812 997 1894 nequitia
1017 1834 1080 1896 pro
1095 1815 1253 1893 veritate,

303 1912 408 1976 etiam
422 1913 513 1978 inter
528 1914 721 1996 religiosos,
738 1911 959 1976 succreverit.

257 2040 288 2083 15
354 2012 480 2076 CAPIT.
496 2013 584 2077 XV.
603 2013 706 2093 Quod
718 2011 880 2076 Britones
895 2031 958 2094 pro
975 2011 1173 2076 Saxonibus
1188 2013 1251 2076 mi-

302 2121 433 2190 serunt,
448 2120 483 2177 et
497 2133 568 2191 eos,
585 2114 662 2177 Deo
680 2112 871 2197 judicante,
887 2131 950 2194 pro
964 2112 1098 2192 peccati
1114 2113 1252 2195 flagello

302 2221 538 2295 susceperunt.

353 2311 478 2377 einr.
507 2313 618 2377 XVI.
655 2312 815 2392 Qualiter
845 2331 931 2393 gens
960 2311 1135 2376 Saxonica
1173 2332 1251 2375 cum

302 2411 411 2475 tribus
439 2412 554 2497 kyulis
589 2412 808 2477 Britanniam
841 2411 1026 2494 appulerit,
1065 2419 1100 2475 et
1129 2418 1252 2495 postea

256 2529 288 2573 πο
302 2512 464 2576 Britones
477 2512 744 2594 impugnaverit.

352 2611 478 2675 (intur.
496 2610 628 2675 XVII.
653 2609 835 2689 Quomodo
851 2609 1008 2674 Saxones
1028 2616 1163 2672 sumtus
1177 2630 1250 2673 ma-

296 2712 392 2796 jores
415 2711 518 2774 solito
534 2717 715 2791 expetunt,
731 2716 766 2772 et
787 2709 852 2771 hoc
875 2729 1000 2790 genere
1023 2710 1251 2790 impugnandi

300 2810 463 2874 materias
477 2810 700 2893 quaesierunt,
715 2815 750 2872 et
765 2815 887 2872 sancta
901 2809 969 2872 Dei
984 2808 1212 2890 diripuerunt.

351 2909 477 2974 Crem.
489 2908 815 2988 XVIII.Qualiter
824 2906 1029 2973 Ambrosius
1040 2905 1250 2970 Aurelianus

254 3032 286 3076 25
300 3009 394 3073 solus
414 3011 464 3074 eis
485 3009 661 3086 restiterit,
682 3016 717 3073 et
731 3007 809 3091 quis
824 3007 939 3072 Gildae
963 3007 1137 3092 Sapientis
1161 3008 1250 3071 nati-

301 3110 420 3174 vitatis
434 3130 546 3174 annus
560 3109 617 3174 sit.

352 3209 478 3274 Currr.
496 3210 615 3274 XIX.
639 3208 821 3285 Quomodo
836 3228 921 3288 gens
936 3208 1140 3271 Britannica
1153 3215 1249 3290 post-

301 3329 343 3372 ea
358 3317 433 3374 tota
446 3310 650 3374 idololatriae
665 3309 836 3370 erroribus
851 3308 897 3370 sit
912 3307 1061 3371 subdita.

352 3408 478 3472 Cnrm.
504 3407 599 3471 XX.
634 3406 892 3488 Recapitulatio
919 3406 1145 3486 singulorum,
1170 3425 1249 3487 quae

254 3537 286 3581 30
299 3509 457 3590 superius
478 3507 649 3588 descripta
674 3512 767 3580 sunt,
791 3504 1098 3586 epigrammatum
1121 3504 1157 3565 in
1180 3523 1250 3584 qua

299 3607 583 3690 recapitulatione
595 3612 716 3668 auctor
729 3604 842 3687 operis
857 3603 1026 3685 promittit
1035 3623 1072 3665 se
1083 3602 1249 3686 majorem

299 3708 422 3772 librum
438 3708 480 3771 de
495 3706 633 3788 regibus
651 3705 833 3769 Britonum
857 3711 892 3767 et
914 3703 956 3766 de
978 3702 1112 3785 proeliis
1132 3722 1249 3765 eorum

299 3808 571 3883 describendum,
586 3826 687 3889 quem
704 3813 739 3869 et
753 3811 876 3887 postea
890 3802 983 3866 facit.

333 4015 353 4047 ¹⁴
387 4009 562 4084 Sueereoerit]
602 4015 764 4074 Succrevent,
789 4010 1004 4059 wellnsinsome
1015 4009 1066 4057 few
1076 4009 1169 4069 others,
1180 3970 1250 4057 ideae

297 4087 319 4136 A
791 4080 911 4141 Capitula
922 4078 1008 4127 allude
1019 4082 1045 4126 to
1056 4079 1250 4127 circumstances

325 4124 353 4188 '³³
370 4156 581 4218 Describecdum]
608 4155 633 4202 It
655 4154 709 4203 will
732 4154 762 4201 be
790 4156 833 4198 not
843 4147 1000 4198 tobefound
1012 4148 1037 4195 in
1048 4148 1090 4196 the
1102 4152 1164 4208 text,
1173 4163 1201 4197 as
1209 4164 1249 4196 we

297 4228 419 4277 observed
435 4228 526 4276 thatin
538 4226 588 4274 this
599 4226 721 4286 instance,
734 4238 762 4272 as
790 4226 817 4270 at
827 4222 929 4281 present
939 4218 1003 4266 have
1015 4219 1042 4267 it.
