3014 5046
612 452 784 500 urrsronx
807 453 937 500 ornum.
1208 438 1249 499 61

295 597 612 691 ’ρ116111Ν11111111113
635 611 815 692 propheta.
869 610 948 686 Sed,
964 610 1099 673 omissis
1114 610 1251 673 interim

298 711 437 785 nostriS,
472 708 652 772 audiamus
681 711 796 790 potius
825 709 908 791 quid
937 709 1139 792 prophetica
1167 711 1252 772 tuba

297 803 476 890 persultet.
529 807 632 885 Quod
659 809 690 871 si
716 809 857 885 dixeriS,
888 810 1059 892 inquienS,
1088 810 1124 873 in
1149 809 1251 872 corde
1306 801 1309 808 ’

297 914 370 984 tuo,
391 908 508 986 Quare
526 915 697 971 venerunt
720 909 812 970 mala
837 907 938 973 haecl
992 907 1141 990 Propter
1162 909 1251 971 mul-

268 1007 479 1071 stitudin'em
516 1008 710 1088 iniquitatis
748 1014 830 1070 tuae.
887 1007 925 1070 Si
961 1015 1095 1071 mutare
1135 1016 1252 1089 potest

298 1107 462 1189 AEthiops
499 1107 624 1188 pellem
661 1126 771 1182 suam,
809 1113 870 1169 aut
901 1107 1030 1188 pardus
1064 1108 1250 1170 varietates

298 1226 393 1284 suas,
416 1215 451 1270 et
471 1226 533 1270 vos
557 1206 714 1288 poteritis
734 1206 946 1283 benefacere,
967 1227 1044 1270 cum
1064 1206 1251 1270 didiceritis

296 1306 706 1383 malum-subauditur,
727 1307 809 1388 quia
824 1327 894 1370 uon
909 1307 1026 1370 vultis
1080 1307 1126 1370 Et
1148 1306 1250 1383 insra,

300 1405 391 1471 Haec
405 1406 490 1469 dicit
505 1405 676 1469 Dominus
698 1406 827 1488 populo
842 1406 934 1482 huic,
953 1405 1024 1483 Qui
1039 1406 1161 1470 dilexit
1177 1427 1250 1470 mo-

249 1528 286 1573 '1o
299 1526 379 1570 vere
402 1506 507 1588 pedes
530 1525 612 1569 suos
633 1513 668 1568 et
690 1525 760 1569 non
787 1507 930 1588 quievit,
950 1513 986 1569 et
1004 1505 1154 1569 Domino
1181 1526 1251 1569 non

299 1607 451 1688 placuit3
482 1625 575 1668 nunc
604 1606 840 1668 recordabitur
867 1606 1089 1686 iniquitatum
1121 1625 1250 1682 eorum,

300 1713 336 1768 et
362 1705 517 1769 visitabit
543 1712 687 1787 peccata
712 1724 840 1767 eorum.
893 1705 940 1766 Et
963 1704 1053 1766 dixit
1079 1705 1251 1767 Dominus

300 1805 345 1868 ad
369 1823 434 1880 me,
467 1803 552 1868 Noli
578 1823 677 1867 oraro
704 1823 767 1885 pro
796 1804 924 1886 populo
952 1804 1020 1866 isto
1049 1803 1084 1865 in
1111 1805 1250 1867 bonum.

302 1903 390 1967 Cum
407 1903 655 1987 jejunaverint,
676 1922 746 1966 non
768 1903 951 1965 exaudiam
971 1921 1090 1985 preces
1113 1923 1250 1983 eorum3

256 2025 287 2070 15
301 2011 335 2067 et
357 2003 387 2067 si
405 2004 592 2066 obtulerint
611 2002 814 2066 holocausta
836 2010 871 2065 et
892 2003 1062 2079 victimas,
1086 2023 1156 2066 non
1176 2023 1252 2065 sus·

174 2156 179 2165 .
301 2104 425 2185 cipiam
440 2122 492 2166 ea.
545 2103 592 2166 Et
611 2091 747 2180 iterum,
769 2104 816 2165 Et
835 2102 924 2166 dixit
940 2101 1111 2165 Dominus
1125 2102 1169 2165 ad
1185 2123 1252 2179 me,

301 2203 338 2266 Si
353 2203 488 2267 steterit
510 2202 651 2284 Moyses
674 2210 709 2266 et
728 2201 868 2266 Samuel
888 2222 1003 2265 coram
1022 2222 1087 2278 me,
1108 2223 1178 2266 non
1200 2211 1253 2267 est

301 2304 417 2366 anima
447 2321 524 2366 mea
553 2303 597 2364 ad
625 2303 791 2384 populum
824 2303 941 2365 istum.
994 2302 1090 2386 Ejioe
1124 2302 1202 2366 illos
1231 2323 1253 2366 a

300 2401 387 2465 faeie
410 2422 487 2465 mea
506 2409 541 2464 et
562 2402 794 2482 egrediantur.
847 2402 894 2464 Et
917 2407 1137 2482 postpauca,
1164 2402 1253 2480 Quis

250 2522 288 2567 ao
301 2503 516 2564 miserebitur
544 2502 607 2577 tui,
633 2500 840 2577 Jerusalem,
870 2508 932 2563 aut
962 2500 1039 2580 quis
1068 2503 1253 2565 contrista·

300 2602 394 2664 bitur
418 2621 481 2682 pro
504 2608 550 2675 te,
574 2607 636 2662 aut
649 2601 727 2680 quis
749 2601 812 2663 ibit
827 2599 871 2661 ad
885 2598 1077 2680 rogandum
1091 2619 1153 2679 pro
1168 2620 1253 2681 pace

301 2703 387 2764 tual
440 2700 496 2762 Tu
521 2698 690 2781 reliquisti
717 2719 782 2776 me,
814 2698 897 2760 dicit
925 2698 1108 2774 Dominus,
1134 2705 1170 2760 et
1199 2719 1252 2762 re-

301 2807 451 2863 trorsum
466 2799 593 2875 abiisti,
611 2806 645 2862 et
661 2798 845 2862 extendam
863 2816 1003 2859 manum
1018 2816 1130 2860 meam
1151 2817 1254 2879 super

302 2907 349 2977 te,
375 2907 410 2962 et
437 2899 640 2962 interficiam
671 2905 716 2962 te.
770 2899 817 2962 Et
840 2905 921 2979 post
943 2897 1133 2978 aliquanta,
1163 2896 1253 2960 Haeo

257 3018 288 3062 25
302 3000 386 3064 dicit
405 2998 588 3075 Dominus,
613 2999 714 3075 Ecce,
732 3018 796 3079 ego
815 2997 909 3078 fingo
929 3005 1051 3061 contra
1073 3017 1136 3061 vos
1159 2998 1253 3079 cogi-

302 3101 480 3176 tationem,
504 3105 698 3163 revertatur
710 3098 947 3180 unusquisque
961 3117 982 3160 a
997 3098 1054 3162 via
1072 3117 1136 3161 sua
1150 3100 1253 3174 mala,

303 3207 338 3262 et
359 3200 496 3281 dirigite
526 3200 601 3262 vias
632 3207 767 3264 vestras
795 3205 830 3261 et
859 3198 973 3261 studia
1003 3204 1131 3261 vestra.
1184 3198 1255 3276 Qui

303 3299 477 3374 dixerunt,
496 3299 742 3378 DesperamuS,
768 3303 847 3378 post
868 3297 1096 3377 cogitationes
1117 3305 1254 3361 nostras

302 3399 439 3472 ibimuS,
477 3404 512 3458 et
541 3397 777 3476 unusquisque
811 3395 1020 3475 pravitatem
1061 3396 1172 3458 cordis
1201 3398 1256 3459 sui

258 3516 290 3561 so
303 3497 387 3560 mali
416 3495 593 3558 faciemus,
647 3494 731 3557 Ideo
762 3494 837 3555 haec
866 3492 950 3555 dicit
979 3492 1161 3568 Dominus,
1194 3493 1254 3557 In-

304 3602 478 3677 terrogate
494 3601 626 3675 genteS,
644 3593 722 3675 quis
740 3592 873 3655 audivit
888 3591 974 3654 talia
988 3591 1163 3654 horribilia
1177 3612 1255 3673 quae

304 3696 385 3759 feeit
407 3695 508 3757 nimis
538 3695 637 3774 virgo
668 3692 802 3755 Israeli
856 3690 1025 3772 Nunquid
1053 3690 1188 3755 deficiet
1213 3693 1256 3755 de

304 3803 404 3878 petra
432 3795 508 3875 agri
538 3794 599 3856 nix
632 3792 774 3868 Libani,
798 3799 860 3854 aut
885 3791 966 3855 velli
989 3799 1135 3874 possunt
1155 3811 1254 3874 aquae

304 3903 522 3977 erumpentes
546 3894 681 3975 srigidae
707 3892 923 3955 defluentes?
951 3893 1033 3972 quia
1053 3892 1180 3954 oblitus
1203 3900 1256 3956 est

259 4014 288 4058 35
304 4016 358 4058 me
381 3994 530 4077 populus
552 4013 660 4056 meus,
713 3993 759 4056 Et
787 3997 867 4072 post
896 3991 1087 4070 aliquanta,
1115 3992 1255 4071 optione

320 4199 330 4229 ³
347 4203 484 4266 Inpotens]
503 4203 552 4251 Ier.
566 4202 621 4251 xiii.
634 4206 683 4261 223
696 4201 747 4249 xiv.
762 4204 809 4259 103
822 4214 864 4247 xv.
878 4202 903 4259 l,
915 4204 929 4246 5
939 4215 946 4258 ;
958 4198 1029 4247 xviii.
1043 4202 1089 4258 113
1102 4199 1164 4248 xxii.
1178 4204 1202 4261 3,
1213 4203 1254 4249 24.
