3014 5046
350 456 395 520 30
660 471 833 520 insronm
857 471 987 519 ornum.

189 643 330 685 mosum
404 626 502 708 ΜΒ.
537 624 628 688 Tum
659 643 778 688 omnes
814 624 1002 687 consiliarii
1034 641 1110 685 una·
1138 623 1229 686 cum
1247 642 1305 686 su·

189 695 271 735 luvited
281 707 287 741 3

351 727 457 808 perbo
483 732 632 807 tyranno
658 722 913 804 Gurthrigerno
943 722 1190 785 Britannorum
1218 721 1306 785 duce

352 831 538 900 caecantur,
561 832 596 887 et
621 823 880 887 adinvenientes
905 821 975 886 tale
998 822 1209 903 praesidium,
1235 823 1307 885 imo

353 924 538 999 excidium,
560 923 696 1004 patriae,
722 929 762 986 ut
784 921 985 985 ferocissimi
1007 921 1058 983 illi
1081 920 1221 984 nefandi
1241 941 1305 984 no-

352 1023 455 1086 minis
479 1022 648 1098 Sarranae,
675 1022 752 1085 Deo
778 1020 1042 1101 hominibusque
1065 1020 1180 1096 invisi,
1205 1021 1307 1102 quasi
1335 1026 1350 1070 ⁵

352 1123 390 1185 in
404 1122 523 1185 caulas
538 1122 624 1203 lupi,
637 1120 674 1183 in
687 1121 837 1184 insulam
861 1121 905 1183 ad
923 1119 1148 1183 retrudendas
1172 1120 1306 1201 aquilo-

354 1221 451 1284 nales
474 1228 596 1302 gentes
617 1221 939 1284 intromitterentur.
991 1217 1071 1296 Quo
1085 1219 1205 1300 utique
1222 1218 1308 1281 nihil

355 1320 387 1382 ei
401 1338 548 1401 usquam
570 1319 807 1400 perniciosius,
827 1318 981 1399 nihilque
1004 1319 1155 1380 amarius
1177 1318 1307 1385 iactum

354 1425 418 1482 est.
482 1419 513 1482 Ο
542 1418 745 1481 altissimam
773 1436 897 1481 sensus
921 1417 1115 1498 caliginem,
1137 1417 1168 1480 Ο
1185 1417 1307 1498 despe-

353 1518 497 1581 rabilem
519 1518 728 1600 crudamque
751 1518 877 1580 mentis
896 1516 1156 1581 hebetudinem!
1210 1515 1309 1594 Quos
1324 1530 1357 1575 ro

354 1617 560 1699 propensius
600 1624 723 1693 morte,
770 1636 847 1680 cum
889 1617 1062 1693 abessent,
1102 1617 1308 1692 tremebant,

354 1723 491 1798 sponte,
511 1725 551 1780 ut
572 1716 622 1779 ita
645 1716 769 1792 dicam,
784 1716 849 1779 sub
872 1716 974 1778 unius
988 1716 1071 1780 tecti
1085 1715 1233 1778 culmine
1254 1716 1308 1776 in·

355 1817 526 1892 vitabant,
554 1814 660 1879 Stulti
684 1822 766 1879 sunt
792 1815 977 1897 principes,
1012 1821 1052 1878 ut
1082 1814 1212 1878 dictum
1243 1821 1308 1890 est,

356 1914 545 1991 ThafneoS,
568 1914 692 1979 dantes
715 1914 891 1977 Pharaoni
915 1913 1095 1977 consilium
1119 1912 1308 1996 insipienti.

328 2004 447 2075 ‘Tum
468 2033 651 2096 erumpens
673 2034 761 2095 grex
783 2013 975 2076 catulorum
998 2013 1040 2075 de
1063 2012 1169 2076 cubili
1187 2012 1308 2076 leaenae
1322 2026 1353 2070 re

356 2110 538 2188 barbariae,
562 2113 684 2188 tribus,
703 2119 743 2176 ut
765 2111 886 2191 lingua
908 2111 984 2193 ejus
1009 2112 1226 2192 exprimitur,
1249 2131 1309 2194 cy-

357 2210 437 2287 ulis,
452 2218 574 2274 nostra
596 2210 716 2291 lingua
729 2210 844 2290 longis
866 2209 1024 2285 navibus,
1038 2211 1197 2273 secundis
1209 2210 1309 2287 velis,

358 2309 511 2373 secundo
523 2308 636 2372 omine
656 2309 890 2390 auguriisque,
904 2307 1029 2389 quibus
1042 2308 1310 2386 vaticinabatur,

358 2417 453 2473 certo
469 2408 560 2491 apud
580 2428 658 2472 eum
673 2407 857 2490 praesagio,
872 2407 964 2488 quod
985 2413 1038 2471 ter
1057 2415 1195 2471 contum
1209 2409 1310 2472 annis

358 2515 498 2584 terram,
523 2507 580 2572 cui
609 2526 731 2590 proras
763 2508 924 2582 librabat,
954 2507 1138 2587 insideret3
1171 2514 1356 2571 centumao

358 2627 441 2671 vero
478 2608 743 2690 quinquaginta,
780 2606 847 2671 hoc
880 2612 934 2670 est
964 2606 1105 2670 dimidio
1132 2607 1309 2688 temporis,

359 2707 487 2788 saepius
518 2726 654 2789 quoque
682 2713 848 2772 vastaret.
912 2706 1063 2771 Evectus
1093 2708 1241 2788 primum
1272 2706 1310 2769 in

254 2794 260 2807 ’
360 2806 520 2870 orientali
545 2813 645 2888 parte
667 2805 802 2882 insulae,
812 2805 958 2888 jubente
980 2805 1133 2870 infausto
1147 2814 1309 2889 tyranno,

359 2907 528 2969 terribiles
549 2905 666 2969 infixit
678 2922 825 2984 ungues,
841 2903 940 2983 quasi
957 2923 1021 2984 pro
1039 2906 1154 2985 patria
1175 2923 1311 2986 pugna·
1377 2931 1380 2936 ·

360 3011 471 3081 turus,
494 3002 555 3066 sed
584 3021 660 3066 eam
686 3002 814 3065 certius
834 3001 1111 3082 impugnaturus.
1164 3001 1231 3066 Cui
1252 3022 1311 3066 su·
1324 3023 1356 3068 aa

360 3102 517 3183 pradicta
532 3101 695 3182 genitrix,
709 3101 820 3183 primo
834 3099 1047 3182 comperiens
1063 3100 1192 3182 agmini
1204 3101 1313 3166 fuisse

397 3374 601 3436 ²Gartbrigerno
613 3410 620 3423 .
634 3409 640 3424 .
654 3372 753 3435 .duce.]
768 3376 824 3423 Om.
851 3379 998 3435 sequeretur
1015 3388 1058 3423 eos
1075 3374 1175 3434 iterum,
1194 3373 1231 3421 ita
1249 3373 1314 3423 Ger-

363 3444 396 3492 B.
411 3443 441 3493 V.
850 3445 941 3492 maniae
969 3459 1027 3493 cum
1055 3443 1227 3504 Gurtingemo
1253 3443 1315 3492 insi·

397 3509 479 3582 ³Et.]
495 3515 550 3564 Om.
564 3515 598 3564 B.
755 3509 758 3514 ’
851 3513 1074 3575 pienti,A.morg.

318 3573 322 3585 ’
398 3578 614 3650 ⁶Retradendos.]
634 3581 826 3644 mandendas,
888 3582 907 3613 ¹⁵
921 3584 982 3633 Tum
1000 3581 1146 3646 erumpam]
1166 3581 1214 3630 See
1232 3580 1314 3643 Beda,

363 3653 397 3702 Β.
410 3652 441 3701 V.
853 3654 890 3702 H.
903 3654 1011 3715 aare.

399 3715 477 3787 Ἥ]
496 3720 551 3780 Eis,
562 3718 595 3769 A.
888 3719 908 3751 ¹⁵
921 3722 1025 3784 Cubita]
1038 3720 1314 3782 Germaniae,A.gloee.

398 3787 533 3851 woman]
547 3789 596 3848 B.;
607 3802 718 3849 sensum,
729 3788 763 3838 A.
889 3789 909 3822 1⁸
926 3792 1057 3854 Secunda]
1078 3792 1133 3840 Om.
1150 3791 1180 3840 V.

399 3855 418 3888 ¹¹
429 3857 571 3919 Alcmena]
596 3857 661 3906 Cum
689 3862 774 3907 essent
801 3859 828 3906 in
888 3858 909 3890 ¹⁸
933 3859 1140 3922 Vaticanum]
1170 3860 1222 3909 Per
1243 3863 1315 3908 vates

364 3929 513 3989 Germania,
523 3927 557 3977 A.
569 3926 678 3977 interlin.
854 3932 1000 3992 canebatur,
1016 3931 1046 3981 V.

400 3996 420 4029 ¹³
432 3997 533 4061 Saeua]
546 3997 623 4046 Stulti
630 4001 690 4046 sunt
699 3999 828 4059 principes
889 3997 909 4029 2⁰
922 3995 993 4067 Cat]
1012 3999 1087 4061 Cum,
1099 3998 1133 4049 Β.

364 4068 483 4129 Tafneos,
500 4069 599 4128 dantes,
616 4066 643 4115 id
661 4071 708 4129 est,
720 4068 828 4117 suaden—
889 4065 908 4097 ²¹
920 4068 1053 4132 Dimidia]
1070 4068 1111 4116 De
1122 4066 1214 4128 medio,
1225 4067 1258 4116 A.

365 4139 434 4185 tibus
452 4137 511 4200 [rie]
525 4137 662 4197 Pharaoni,
684 4141 713 4184 ut
734 4139 828 4198 plecte·
888 4134 909 4167 ²⁰
923 4137 1062 4200 Geaitrix]
1091 4136 1123 4185 Id
1145 4142 1193 4199 eat,
1209 4137 1317 4186 barbara

365 4211 435 4264 retur
445 4204 478 4270 (t)
490 4206 721 4268 populuslsraelet
731 4211 761 4255 ut
771 4222 827 4268 per·
853 4207 936 4257 leaena
944 4207 1099 4271 Germaniae,
1111 4206 1144 4256 A.
1156 4222 1235 4269 marg.
