3014 5046
367 428 411 492 98
678 440 849 489 nv1svonn
872 439 1003 487 ornum.

370 601 460 665 enim
483 599 679 681 egredietur
692 600 792 682 quasi
813 598 905 681 ignis
928 597 1066 674 ardens,
1082 603 1116 660 et
1131 594 1232 678 quasi
1253 614 1323 678 poa

370 701 574 777 lavantium,
598 708 633 764 et
657 700 789 763 sedebit
813 698 968 763 conflans
991 705 1027 762 et
1053 696 1245 760 emundans
1266 714 1324 760 ar·

371 808 526 882 gentum,
554 807 590 864 et
617 801 781 882 purgabit
806 799 895 862 filios
922 798 1021 874 Levi,
1047 804 1082 860 et
1106 796 1236 860 colabit
1262 815 1323 860 eos

372 902 473 982 quasi
487 919 609 962 aurum
622 907 658 963 et
672 899 771 980 quasi
786 906 978 981 argentum.
1030 896 1078 960 Et
1100 904 1180 978 post
1198 915 1323 978 pauca,

374 999 605 1063 Invaluerunt
625 1018 729 1080 super
750 1018 804 1061 me
818 1000 926 1063 verba
939 1003 1068 1073 vestra,
1091 996 1176 1060 dicit
1201 996 1323 1060 Domi·
1353 1010 1369 1054 s

373 1119 450 1177 nus,
475 1107 511 1163 et
540 1100 689 1177 dixistis,
719 1097 843 1161 Vanus
868 1105 921 1162 est
950 1097 1010 1180 qui
1038 1096 1146 1160 servit
1174 1096 1264 1172 Deo,
1289 1102 1325 1159 et

374 1200 466 1281 quod
483 1198 762 1275 emolumentum,
777 1198 860 1279 quia
882 1197 1130 1261 custodivimus
1149 1202 1326 1278 praecepta

374 1299 462 1382 ejus,
489 1306 523 1362 et
538 1299 620 1380 quia
642 1298 894 1372 ambulavimus
916 1317 1032 1361 coram
1049 1297 1201 1360 Domino
1223 1315 1326 1360 exer-.

373 1397 504 1462 cituum
519 1399 646 1462 tristes.
699 1398 793 1478 Ergo
813 1417 905 1461 nunc
918 1398 1040 1461 beatos
1054 1396 1208 1459 dicemus
1229 1415 1326 1460 arro·

374 1505 510 1579 gantes,
532 1497 701 1578 siquidem
724 1498 885 1560 aedificati
906 1505 988 1561 sunt
1009 1496 1176 1560 facientes
1197 1495 1325 1579 iniqui·
1339 1508 1371 1554 ro

373 1605 494 1674 tatem,
510 1604 734 1662 tentaverunt
746 1599 872 1674 Deum,
887 1605 922 1661 et
936 1597 1025 1662 salvi
1040 1596 1124 1660 facti
1136 1603 1241 1660 sunt..

426 1697 513 1780 §9st
530 1697 624 1776 Quid
642 1718 724 1761 vero
747 1697 906 1760 Ezechiel
929 1697 1099 1779 propheta
1119 1695 1247 1760 dixerit
1271 1703 1329 1765 atr

375 1797 517 1861 tendite.
569 1796 649 1873 Vae,
663 1797 835 1878 inquiens,
855 1815 960 1878 super
972 1816 1026 1860 vae
1041 1796 1169 1874 veniet,
1185 1803 1221 1860 ot
1235 1815 1325 1859 nun·

375 1897 449 1959 cius
463 1916 567 1979 super
580 1898 744 1960 nuncium
767 1897 844 1973 erit,
858 1904 894 1960 et
916 1903 1092 1977 quaeretur
1105 1896 1193 1960 visio
1209 1915 1231 1959 a
1244 1915 1331 1979 pro-.

375 1997 492 2078 pheta,
508 2004 544 2060 et
565 1996 623 2059 lex
646 1997 771 2078 peribit
793 2016 815 2059 a
836 1996 1015 2059 sacerdote
1029 2004 1065 2060 et
1079 1995 1260 2059 consilium
1282 1996 1325 2060 de
1339 2007 1371 2052 1⁵

376 2097 578 2160 senioribus.
631 2097 678 2160 Et
692 2097 829 2173 iterum,
846 2095 936 2158 Haeo
957 2096 1040 2159 dicit
1055 2095 1248 2175 Dominus;
1272 2095 1326 2160 Eo

377 2196 469 2277 quod
492 2214 666 2258 sermones
680 2196 788 2258 vestri
810 2203 892 2258 sunt
913 2195 1108 2273 menduces
1131 2203 1166 2260 et
1190 2195 1325 2259 divina·

376 2295 488 2357 tiones
501 2301 627 2357 vestrae
643 2314 757 2371 vanae,
768 2302 911 2378 propter
931 2295 997 2360 hoc
1019 2315 1098 2359 ecce
1111 2315 1176 2378 ego
1191 2295 1235 2358 ad
1250 2315 1333 2380 vos,

377 2393 461 2457 dicit
477 2394 660 2459 Dominus.
713 2395 910 2459 Extendam
931 2415 1070 2458 manum
1093 2415 1206 2460 meam
1222 2414 1327 2478 super

377 2493 577 2576 prophetas,
601 2494 661 2577 qui
685 2494 806 2560 vident
828 2495 1019 2573 mendacia,
1048 2502 1083 2560 et
1108 2515 1168 2559 eos
1192 2497 1252 2578 qui
1274 2496 1371 2561 lo-·2⁰

378 2601 531 2674 quuntur
544 2614 637 2657 vanu
657 2595 693 2657 in
716 2595 898 2678 disciplina
914 2596 1034 2678 populi
1047 2597 1114 2659 mei
1127 2615 1198 2659 non
1213 2604 1327 2674 erunt,

378 2694 462 2757 etin
477 2695 649 2776 scriptura
662 2696 784 2758 domus
799 2696 911 2760 Israel
930 2715 1000 2760 non
1021 2696 1225 2772 scribentur,
1241 2702 1276 2759 et
1289 2695 1334 2759 in.

378 2800 506 2857 terram
522 2794 633 2858 Israel
656 2815 727 2858 non
747 2796 940 2872 intrahunt,
962 2803 998 2860 et
1020 2796 1136 2859 scietis
1157 2796 1240 2878 quia
1262 2815 1327 2877 ego

379 2893 561 2958 Dominus.
622 2894 814 2976 Propterea
849 2894 1015 2976 populum
1050 2913 1164 2958 meum
1200 2895 1328 2961 sedux-

378 2999 480 3054 erunt
500 2993 665 3068 dicenteS,
680 3012 751 3074 pax
766 2994 919 3070 Domini,
942 3001 977 3058 et
999 3003 1142 3058 nonest
1165 3014 1238 3076 pax
1253 2997 1370 3060 Iro-2⁵

378 3091 473 3152 mini.
526 3090 596 3153 Hic
618 3091 722 3155 struit
743 3093 922 3174 parietem,
945 3099 980 3157 et
1001 3091 1068 3173 ipsi
1084 3102 1222 3174 ungunt
1236 3115 1327 3175 eum,

378 3195 414 3252 et
438 3189 549 3253 cadet.
602 3189 649 3253 Et
672 3197 752 3271 post
777 3192 967 3274 aliquanta,
991 3190 1058 3256 Vae
1084 3192 1138 3254 his
1161 3194 1222 3276 qui
1244 3215 1337 3260 con··

378 3289 521 3353 cinnant
536 3290 720 3354 cervicalia
734 3293 856 3355 subtus
872 3311 1007 3356 omnem
1021 3293 1176 3356 cubitum
1192 3314 1327 3375 manus,

378 3395 414 3451 et
434 3388 568 3455 faciunt
582 3390 755 3454 velamina
779 3411 883 3474 super
904 3411 1005 3455 omne
1028 3400 1134 3475 caput
1156 3395 1327 3459 universae

378 3490 493 3553 aetatis
510 3491 554 3553 ad
570 3492 819 3555 subvertendas
829 3492 974 3555 animas.
1026 3490 1232 3575 Animaeque
1246 3497 1327 3559 sub·
1337 3511 1371 3559 so

378 3608 488 3652 versae
504 3598 587 3654 sunt
602 3591 721 3673 populi
742 3592 822 3668 mei,
837 3599 872 3655 et
894 3592 1028 3655 animas
1043 3593 1277 3675 possidebant,
1293 3602 1329 3659 et

378 3690 662 3753 contaminabant
688 3711 758 3753 me·
771 3691 815 3753 ad
845 3692 1012 3774 populum
1042 3713 1156 3756 meum
1187 3702 1330 3776 propter

376 3805 518 3849 monum
545 3787 683 3870 plenam
709 3788 839 3867 hordei,
867 3799 902 3855 et
931 3799 1073 3873 propter
1097 3792 1331 3874 fragmentum

376 3887 478 3966 panis
501 3887 545 3950 ad
568 3889 773 3952 occidendas
788 3891 934 3967 animas,
949 3911 1037 3973 quas
1056 3913 1126 3956 non
1147 3893 1330 3977 oportebat

411 4146 431 4178 ¹²
442 4144 579 4216 Ezechiel]
604 4150 648 4200 vii.
672 4155 719 4212 263
741 4151 796 4202 xiii.
814 4157 840 4214 8,
900 4150 1086 4220 urumque.
1097 4194 1103 4209 .
1114 4155 1261 4221 ariniara]
1274 4159 1330 4210 Om.

375 4221 423 4278 183
439 4221 502 4267 xxii.
515 4223 540 4280 4,
552 4223 600 4280 3⁰3
616 4221 708 4271 xxxiii.
721 4226 746 4285 2,
757 4227 804 4273 etr.
871 4224 900 4273 V.
