3014 5046
615 490 787 538 nrisroun
810 491 940 537 eruum.
1215 475 1261 537 53

305 643 440 708 dicam?
468 646 527 727 qui
551 649 757 727 prooemium
781 648 972 730 prophetiae
997 667 1069 710 suae
1094 648 1150 711 vel
1174 648 1255 712 visi-

304 763 405 806 onem
427 744 477 808 ita
503 765 647 810 exorsus
668 756 732 824 est,
757 748 887 824 dicens,
906 745 1035 811 Audite
1059 747 1139 811 coeli
1162 750 1255 810 auri-

306 843 367 905 bus
390 851 425 907 et
447 847 612 928 percipite
636 854 739 924 terra,
754 848 917 929 quoniam
932 848 1103 911 Dominus
1118 847 1254 911 locutus

302 950 366 1006 est.
420 944 528 1008 Filios
544 947 693 1010 enutrivi
707 954 742 1010 et
758 946 923 1021 exaltavi,
937 947 1004 1027 ipsi
1020 953 1135 1009 autem
1158 966 1254 1029 spre-

274 1051 427 1106 5verunt
440 1063 506 1107 me.
559 1045 734 1126 Cognovit
752 1047 814 1110 bos
836 1065 1069 1128 possessorem
1092 1065 1203 1123 suum,
1220 1054 1254 1110 et

302 1143 420 1205 asinus
441 1163 596 1225 praesepe
610 1145 739 1208 domini
762 1146 828 1222 sui,
845 1145 956 1208 Israel
970 1151 1084 1208 autem
1107 1166 1161 1208 me
1184 1166 1253 1208 non

302 1243 477 1322 cognovit,
507 1251 542 1307 et
570 1245 718 1326 populus
748 1264 843 1308 meus
871 1265 940 1307 non
970 1245 1154 1308 intellexit.
1207 1245 1254 1310 Et

301 1349 381 1422 post
405 1361 518 1423 pauca
539 1344 651 1406 minas
674 1345 813 1408 meritas
835 1352 944 1408 tantae
967 1345 1175 1425 insipientiae
1191 1363 1252 1428 ap-

302 1448 393 1517 tanS,
420 1441 700 1524 Derelinquetur,
729 1444 853 1525 inquit,
876 1443 948 1507 filia
971 1443 1054 1507 Sion
1076 1452 1115 1508 ut
1138 1446 1252 1508 taber-

256 1557 288 1602 ιο
301 1540 461 1603 naculum
485 1543 522 1605 in
536 1543 649 1619 vinea,
665 1551 700 1607 et
724 1544 814 1606 sicut
834 1545 1010 1624 tugurium
1033 1544 1069 1606 in
1092 1564 1251 1608 cucume-

301 1641 403 1716 rario,
428 1642 518 1705 sicut
541 1642 665 1706 civitas
690 1663 768 1724 quae
790 1650 961 1707 vastatur.
1014 1643 1060 1705 Et
1079 1644 1252 1725 principes

301 1740 497 1821 specialiter
524 1742 732 1805 conveniens
755 1743 816 1818 ait,
847 1739 977 1805 Audite
1005 1743 1146 1805 verbum
1177 1743 1251 1805 Do-

300 1839 385 1900 mini
405 1839 578 1920 principes
602 1840 840 1917 Sodomorum,
854 1841 1020 1922 percipite
1042 1841 1155 1922 legem
1178 1841 1251 1904 Do-

300 1938 385 2000 mini
399 1940 548 2021 populus
564 1937 779 2004 Gomorrhae.
833 1939 1035 2003 Notandum
1059 1959 1143 2003 sane
1159 1940 1253 2022 quod

255 2054 286 2098 15
299 2037 408 2118 iniqui
423 2059 522 2120 reges
536 2039 708 2121 principes
722 2040 947 2103 Sodomorum
956 2047 1134 2104 vocentur.
1164 2039 1251 2104 Pro-

300 2136 420 2200 hibens
444 2158 592 2220 namque
607 2140 778 2203 Dominus
801 2140 970 2203 sacrificia
989 2147 1024 2203 et
1046 2140 1138 2203 dona
1160 2159 1181 2202 a
1196 2147 1250 2203 ta-

273 2235 388 2309 libus
413 2238 478 2300 sibi
508 2239 720 2317 offerri-et
748 2259 811 2303 nos
839 2239 1012 2303 inhiantes
1043 2240 1249 2322 suscipimus

300 2355 378 2416 quae
395 2338 472 2401 Deo
495 2340 539 2402 ab
561 2340 654 2402 omni
680 2341 820 2404 natione
842 2346 925 2403 sunt
938 2360 1008 2403 non
1027 2341 1168 2420 placita,
1191 2359 1249 2403 ea-

300 2434 443 2518 demque
458 2439 576 2518 egenis
600 2447 635 2502 et
656 2459 744 2520 pene
767 2439 853 2501 nihil
874 2438 1079 2501 habentibus
1093 2438 1251 2502 distribui

254 2554 286 2599 20
299 2535 335 2597 in
350 2537 534 2618 perniciem
550 2545 705 2601 nostram
720 2558 790 2601 non
804 2539 1088 2613 sinimus-cum
1103 2538 1183 2600 latis
1199 2536 1251 2599 di-

299 2635 393 2698 vitiis
427 2637 578 2699 oneratis
602 2636 759 2699 sordibus
781 2645 1001 2718 peccatorum
1024 2636 1166 2699 intentis
1189 2636 1250 2712 ait,

300 2732 357 2797 Ne
383 2734 534 2798 afferatis
558 2735 651 2798 ultra
676 2736 879 2799 sacrificium
908 2735 1048 2810 frustra,
1073 2735 1251 2797 incensum

300 2834 511 2897 abominatio
528 2841 581 2898 est
594 2835 688 2898 mihi.
727 2835 884 2917 Itemque
899 2834 1096 2910 denunciat,
1112 2834 1251 2896 Etcum

300 2934 523 2997 extenderitis
546 2954 669 2998 manus
684 2944 829 3011 vestras,
845 2943 999 3000 avertam
1015 2934 1133 3013 oculos
1156 2953 1251 2996 meos

253 3053 285 3097 25
301 3050 321 3093 a
337 3034 456 3113 vobis3
475 3042 602 3098 etcum
619 3036 930 3117 multiplicaveritis
953 3035 1156 3108 orationem,
1179 3053 1250 3096 non

300 3134 493 3198 exaudiam.
547 3136 593 3198 Et
606 3135 672 3199 hoe
687 3155 794 3218 quare
811 3135 896 3199 facit
911 3134 1062 3198 ostendit
1075 3155 1083 3212 ;
1108 3132 1250 3209 Manus,

299 3231 469 3313 inquiens,
484 3242 609 3299 vestrae
624 3236 794 3316 sanguine
808 3234 920 3315 plenae
936 3240 1028 3296 sunt.
1075 3232 1251 3314 Simulque

300 3334 483 3395 ostendens
521 3334 691 3413 quomodo
728 3333 939 3413 placaretur·
958 3333 1019 3406 ait,
1057 3332 1250 3409 Lavamini,

299 3430 418 3493 mundi
443 3437 565 3507 estote,
590 3430 721 3493 auferte
744 3431 873 3492 malum
900 3430 1148 3510 cogitationum
1173 3449 1250 3493 ves-

255 3547 286 3592 ao
299 3537 430 3592 trarum
450 3531 494 3592 ab
514 3530 622 3592 oculis
645 3529 741 3605 meiS,
764 3528 929 3610 quiescite
952 3546 1054 3607 agere
1079 3546 1251 3608 perverse,

300 3629 421 3691 discite
453 3628 665 3705 benefacere,
694 3629 838 3709 quaerite
863 3627 1044 3710 judicium,
1070 3626 1251 3689 subvenite

299 3748 476 3810 oppresso,
484 3729 639 3812 judicate
651 3727 940 3810 pupillo,—quasi
955 3725 1103 3808 placoris
1116 3725 1249 3789 vicissi-

301 3828 452 3892 tudinem
475 3829 680 3912 adjungens,
696 3827 757 3904 ait,
781 3827 818 3889 Si
832 3826 961 3891 luerint
974 3834 1118 3907 peccata
1133 3832 1251 3888 vestra

299 3935 338 3991 ut
353 3930 541 4006 coccinum,
552 3930 652 4011 quasi
667 3928 729 3990 nix
740 3927 1011 4003 dealbabuntur;
1029 3934 1063 3988 et
1078 3925 1107 3986 si
1122 3923 1251 3988 fuerint

255 4050 285 4094 as
300 4029 403 4090 rubra
417 4030 517 4110 quasi
525 4028 743 4105 vermiculus,
754 4026 851 4091 velut
863 4027 945 4089 lana
961 4024 1041 4087 alba
1052 4030 1165 4086 erunt.
1213 4023 1251 4087 Si

468 4247 478 4286 7
489 4253 526 4299 Et
534 4256 604 4314 post.
618 4286 624 4302 .
639 4286 645 4301 .
657 4251 714 4313 quin
725 4266 771 4299 non
782 4247 966 4309 mejudicium]
987 4248 1041 4295 Om.
1060 4246 1089 4295 V.
