3014 5046
343 465 408 529 104
660 477 832 525 arrsrona
855 474 985 523 ornum.

344 636 447 713 enim,
474 641 510 698 et
528 634 595 717 ipsi
619 653 689 697 non
714 632 858 699 faciunt.
910 630 1113 696 Periculosa
1141 637 1235 695 certe
1257 650 1299 696 ac

346 753 562 818 supervacua
577 733 813 798 sacerdotibus
829 733 987 796 doctrina
1002 739 1067 807 est,
1083 750 1162 814 quae
1181 731 1299 815 pravis

347 835 508 918 operibus
530 833 740 898 obfuscatur.
792 832 859 896 Vae
884 833 982 896 vobis
1012 831 1215 915 hypocritae,
1239 832 1301 913 qui

348 935 509 999 clauditis
523 954 666 1015 regnum
680 933 848 997 coelorum
865 938 948 995 ante
969 931 1137 1009 homines,
1151 950 1215 995 vos
1237 950 1301 995 au·

350 1043 420 1099 tem
444 1055 514 1098 non
536 1035 687 1112 intratis,
701 1052 765 1096 neo
786 1033 1000 1096 introeuntes
1024 1031 1137 1095 sinitis
1158 1031 1300 1095 intrare.
1329 1049 1345 1093 ⁶

351 1134 435 1199 Non
449 1133 560 1197 solum
574 1133 666 1196 enim
680 1152 753 1215 prae
768 1133 876 1196 tantis
898 1131 1067 1195 malorum
1089 1131 1302 1209 criminibus,

351 1253 429 1315 quae
445 1234 565 1314 geritis
579 1233 616 1295 in
631 1233 759 1310 futuro,
775 1232 835 1296 sod
855 1232 960 1295 etiam
982 1251 1045 1314 pro
1068 1230 1134 1309 his,
1149 1230 1210 1315 qui
1223 1250 1303 1295 ves-

352 1339 406 1396 tro
424 1333 578 1414 quotidie
593 1332 752 1414 exemplo
767 1338 925 1416 pereunt,
938 1330 1071 1414 poenali
1083 1350 1190 1414 poena
1208 1331 1304 1413 pleo-

352 1432 483 1509 temini,
498 1452 643 1515 quorum
666 1433 809 1513 sanguis
831 1431 868 1495 in
886 1431 954 1494 Die
969 1430 992 1494 J
995 1430 1100 1494 udicii
1121 1430 1164 1495 de
1177 1431 1304 1496 vestris

353 1532 511 1595 manibus
534 1532 751 1614 requiretur.¹
790 1531 858 1595 Sed
883 1531 966 1612 quid
992 1531 1076 1594 mali
1097 1531 1190 1615 quod
1211 1530 1349 1597 serviro

353 1631 519 1713 parabola
540 1631 775 1713 praetenderit,
790 1630 962 1713 inspicite,
975 1630 1120 1695 dicentis
1142 1631 1180 1696 in
1200 1630 1304 1694 cordo

354 1751 430 1808 suo,
461 1730 598 1795 Moram
628 1731 713 1795 facit
740 1731 899 1794 dominus
928 1749 1025 1793 meus
1051 1731 1182 1797 venire.
1233 1728 1307 1807 Qui

353 1850 417 1912 pro
440 1829 505 1894 hoc
533 1831 679 1895 forsitan
704 1831 896 1912 incoeperat
918 1837 1097 1914 percutere
1118 1848 1306 1895 conservos

354 1949 436 1993 suos
461 1929 674 1994 manducans
699 1937 734 1993 et
759 1931 880 1994 bibens
910 1950 987 1994 cum
1009 1931 1126 1994 ebriis.
1176 1930 1306 1995 Veniet

355 2049 450 2110 ergo,
465 2030 590 2111 inquit,
605 2029 764 2093 dominus
788 2031 880 2093 servi
893 2029 987 2093 illius
1009 2030 1046 2092 in
1068 2029 1123 2093 die
1142 2049 1214 2112 qua
1234 2049 1305 2093 non
1317 2045 1349 2093 ιι

355 2136 486 2210 sperat,
511 2135 547 2192 ct
571 2129 656 2193 hora
679 2147 749 2210 qua
777 2129 927 2210 ignorat,
954 2136 990 2193 et
1014 2128 1144 2193 dividet
1170 2148 1261 2206 eum,
1283 2148 1307 2193 a

355 2228 486 2291 sanctis
511 2227 642 2290 scilicet
666 2228 915 2304 sacerdotibus,
928 2236 1131 2311 partemque
1144 2227 1220 2311 ejus
1242 2247 1306 2311 po·

355 2332 416 2389 net
427 2346 505 2389 cum
521 2326 723 2408 hypocritis
737 2346 815 2390 cum
840 2328 890 2391 eis
912 2335 1017 2406 certe,
1031 2330 1091 2411 qui
1104 2330 1169 2393 sub
1191 2346 1305 2392 sacer·

355 2425 464 2489 dotali
479 2427 630 2508 tegmine
645 2427 792 2491 multum
807 2428 1014 2492 obumbrant
1027 2427 1203 2511 nequitiae.
1255 2427 1306 2492 Il-

355 2525 412 2604 lic,
427 2525 599 2608 inquiens,
613 2528 679 2591 erit
692 2527 793 2592 fletus
809 2535 845 2592 et
859 2527 987 2592 stridor
998 2527 1165 2605 dentium,
1181 2527 1306 2610 quibus
1318 2542 1352 2593 ab

355 2626 392 2689 in
413 2626 479 2690 hac
493 2628 568 2691 vita
582 2648 652 2692 non
668 2629 787 2692 crebro
810 2628 937 2704 evenit,
952 2628 997 2691 ob
1012 2627 1233 2710 quotidianas
1248 2645 1306 2690 ec·

355 2726 470 2790 clesiae
490 2728 611 2791 matris
634 2728 752 2790 ruinas
768 2726 929 2804 filiorum,
942 2727 999 2790 vel
1020 2727 1190 2791 desideria
1207 2725 1308 2809 regni

357 2826 537 2889 coelorum.

195 2945 345 2996 anrnpaua,
408 2924 496 3007 §97.
519 2923 587 2994 Sed
622 2924 799 2988 videamus
833 2924 916 3006 quid
945 2923 1075 2988 Christi
1104 2947 1208 2990 verus
1236 2925 1310 2990 dis-

196 2997 299 3094 ‘billa
356 3022 492 3102 cipulus
516 3022 688 3102 Magister
705 3020 870 3086 Gentium
887 3023 1031 3100 PauluS,
1054 3025 1114 3105 qui
1135 3027 1230 3089 omni
1251 3038 1353 3090 ‹ec-ao

356 3121 551 3185 clesiastico
579 3120 712 3184 doctori
739 3121 927 3187 imitandus
961 3129 1026 3199 est,
1054 3124 1144 3186 sicut
1176 3132 1212 3190 et
1242 3145 1308 3207 ego

359 3219 501 3297 Christi,
534 3221 570 3283 in
600 3221 663 3284 tali
694 3221 834 3302 negotio
864 3223 1101 3305 praeloquatur
1133 3224 1170 3287 in
1197 3225 1310 3308 prima

359 3320 517 3402 Epistola
542 3320 672 3399 dicens,
688 3320 782 3399 Quia
799 3341 904 3403 quum
928 3332 1167 3404 cognorerunt
1181 3314 1307 3402 Deum,

358 3440 429 3483 non
461 3421 551 3485 sicut
575 3421 689 3484 Deum
718 3421 1039 3502 magnificaverunt,
1077 3432 1138 3488 aut
1175 3425 1308 3506 gratias

356 3529 525 3602 egerunt3
548 3521 609 3584 sed
635 3527 850 3584 evanuerunt
875 3521 1199 3603 incogitationibus
1222 3523 1308 3604 suia,
1322 3544 1354 3590 so

358 3626 394 3683 et
407 3628 616 3683 occaecatum
631 3628 684 3684 est
699 3620 866 3703 insipiens
882 3641 942 3684 cor
957 3641 1086 3699 eorum,
1102 3624 1255 3686 dicentes
1270 3643 1309 3687 se

354 3737 432 3781 esse
447 3720 633 3800 sapientes
647 3719 745 3782 stulti
767 3719 852 3783 facti
873 3728 966 3785 sunt.
1020 3721 1118 3787 Licet
1132 3722 1197 3787 hoc
1213 3722 1310 3787 Gen·

392 3978 498 4050 8Ρνιι,’.]
522 3985 582 4046 Pro,
599 3984 629 4034 V.
881 3981 1046 4052 ”EpistolaJ
1072 3987 1144 4037 Rom.
1168 3989 1185 4038 i.
1209 3992 1252 4050 al,
1266 3993 1310 4053 25,

392 4051 532 4118 ‘Poeuab'l
550 4055 644 4117 Ferali,
660 4054 690 4104 V.
846 4059 887 4116 28,
899 4060 944 4105 etc.

390 4119 409 4151 2¹
423 4124 501 4185 Nou]
523 4125 578 4174 Om.
595 4125 625 4173 V.
880 4121 901 4153 ²⁸
914 4126 1105 4190 Cognoverat]
1117 4127 1309 4192 agnovissent,

390 4188 545 4255 Πυθῶνί]
568 4195 623 4243 Om.
636 4194 669 4241 Β.
849 4194 878 4244 V.

390 4257 410 4287 ²⁶
422 4261 494 4309 Sicut
504 4267 528 4310 et
534 4278 578 4324 ego
588 4263 706 4326 Christi]
718 4264 773 4312 Om.
783 4264 820 4311 B.
