3014 5046
603 475 776 524 nrrsrona
800 475 930 524 ornum.
1203 459 1248 523 75

290 631 418 716 pioque
441 631 515 714 regi
537 633 675 714 ingesta
696 632 832 711 fuisset,
854 632 974 697 eadem
996 651 1164 715 responsa
1189 653 1247 697 ac·

293 733 466 814 cepissent
488 751 566 814 quae
589 733 633 796 ab
650 730 821 814 Apostolo
837 739 959 798 auctor
979 734 1175 798 eorumdem
1194 734 1248 798 Si·

293 851 375 896 mon
390 832 519 913 Magus
541 833 686 914 accepit,
709 832 845 897 dicente
866 833 986 911 Petro,
1011 832 1166 899 Pecunia
1187 841 1250 898 tua

295 940 409 996 tecum
434 932 540 995 sitin
567 931 805 1014 perditionem.
858 933 925 997 Sed
948 932 1038 997 forte
1063 933 1142 1010 heu,
1168 935 1250 1016 quia

267 1033 481 1096 cambitores
509 1033 596 1096 istos
628 1033 922 1111 ordinant-imo
961 1034 1077 1116 potius
1111 1034 1250 1097 humili-

297 1141 371 1210 ant,
394 1139 499 1214 atque
521 1152 584 1215 pro
603 1133 842 1198 benedictione
863 1133 1086 1211 maledicunt,
1108 1134 1190 1197 dum
1204 1154 1250 1198 ex

297 1234 536 1316 peccatoribus
550 1254 621 1299 non
635 1234 858 1315 poenitentes,
873 1233 965 1316 quod
981 1235 1109 1298 rectius
1124 1234 1250 1312 fuerat,

299 1334 359 1397 sed
384 1335 572 1416 sacrilegos
598 1341 634 1398 et
657 1333 858 1416 desperatos
886 1334 1031 1411 faciunt,
1057 1341 1092 1398 et
1120 1334 1251 1399 ludam

299 1432 551 1517 quodammodo
581 1435 618 1498 in
648 1433 746 1498 Petri
773 1435 938 1499 cathedra
966 1434 1110 1499 Domini
1143 1435 1250 1499 tradi·

252 1556 285 1602 ro
299 1541 421 1612 torem,
446 1554 487 1598 ac
512 1533 698 1599 Nicolaum
723 1535 761 1597 iu
786 1535 864 1600 loco
891 1535 1060 1617 Stephani
1088 1535 1251 1618 martyris

299 1641 471 1711 statuunt,
505 1635 690 1698 immundae
718 1633 883 1699 haeresios
916 1634 1253 1712 adinventorem,—

298 1735 420 1799 eodem
450 1734 552 1797 modo
586 1734 779 1798 sacerdotio
813 1734 937 1798 adsciti
965 1742 1066 1813 sunt;
1100 1742 1135 1798 et
1173 1734 1252 1799 ideo

299 1854 371 1899 non
406 1852 614 1916 magnopere
650 1833 867 1897 detestantur
896 1834 934 1896 in
971 1833 1063 1910 filiis,
1100 1833 1253 1915 quinimo

299 1941 522 2012 venerantur,
550 1933 641 2016 quod
672 1934 828 1999 similiter
857 1940 898 1997 ut
923 1934 1080 2015 patribus
1108 1933 1254 1997 subinde

255 2050 287 2097 15
301 2035 436 2099 venisse
459 2035 685 2098 certissimum
708 2041 773 2098 est.
825 2034 963 2098 Etenim
986 2053 1057 2112 ece,
1080 2034 1110 2097 si
1132 2033 1168 2097 in
1190 2053 1254 2117 pa-

301 2135 465 2212 rochiam,
502 2135 742 2199 resistentibus
777 2134 843 2198 sibi
882 2141 917 2198 et
956 2141 1028 2198 tam
1064 2134 1254 2217 pretiosum

303 2243 476 2317 quaestum
512 2236 761 2317 denegantibus
801 2253 920 2299 severe
954 2235 1253 2313 commessoribus,

302 2334 499 2418 hujusmodi
513 2336 736 2417 margaritam
751 2335 906 2400 invenire
920 2335 1149 2418 nonpossint,
1164 2355 1255 2418 prae-

302 2436 415 2499 missis
439 2443 520 2500 ante
536 2418 669 2500 solicite
684 2435 830 2511 nunciiS,
853 2435 1118 2515 transnavigare
1132 2436 1255 2513 maria,

257 2543 480 2617 aoterrasque
489 2536 661 2617 spatiosas
671 2541 883 2598 transmeare
892 2541 1039 2597 nontam
1049 2534 1255 2615 pigetquam

303 2635 464 2711 delectat,
493 2643 533 2698 ut
559 2636 698 2698 omnino
728 2633 808 2696 talis
832 2633 964 2714 species
987 2634 1254 2715 inaequiparabi-

302 2736 414 2817 lisque
433 2734 666 2818 pulchritudo,
689 2741 736 2809 et,
759 2741 799 2796 ut
813 2752 933 2796 verum
947 2732 1071 2809 dicam,
1087 2732 1257 2797 diabolica

302 2836 430 2913 illusio,
455 2834 512 2899 vel
535 2835 686 2898 venditis
711 2833 869 2898 omnibus
887 2833 1007 2914 copiiS,
1027 2839 1257 2914 comparetur.

304 2935 397 3000 Dein
412 2955 489 3000 cum
503 2954 631 3017 magno
654 2941 824 3016 apparatu
844 2952 1040 3016 magnaque
1062 2933 1258 3016 phantasia,

258 3055 290 3102 2⁶
305 3037 360 3100 vel
369 3036 485 3121 potius
495 3037 644 3113 insania,
661 3034 865 3119 repedantes
878 3033 921 3097 ad
938 3034 1098 3116 patriam,
1111 3053 1156 3098 ex
1165 3053 1259 3098 erec·

340 3274 349 3306 ¹
367 3277 490 3338 ingesta]
502 3277 614 3339 Ingeste‚
627 3277 662 3326 Β.
794 3274 969 3336 promiscuous
979 3287 1026 3321 use
1038 3272 1067 3321 of
1074 3287 1181 3322 women.

340 3345 351 3378 ¹
367 3345 491 3408 Accepit]
507 3348 561 3396 Om.
574 3347 634 3395 MS.
830 3342 849 3373 ¹¹
867 3343 1007 3404 Steterunt]
1020 3343 1137 3404 Faciunt,
1149 3344 1183 3392 B.

342 3415 352 3444 ³
368 3415 467 3476 Petro]
482 3417 536 3464 Om.
553 3417 583 3466 V.
833 3411 851 3443 ¹¹
868 3411 1080 3475 Adiuoentorem]
1100 3412 1261 3476 Adjutorem,

343 3483 353 3513 ³
369 3485 501 3549 Pecunia]
514 3486 572 3535 Act.
584 3484 637 3533 viii.
649 3487 691 3532 2⁰.
800 3483 830 3532 V.

342 3552 486 3619 liberat]
499 3556 609 3615 Fuisset,
625 3554 655 3602 V.
832 3547 851 3580 ¹¹
867 3551 904 3597 Et
926 3550 979 3598 ideo
1087 3550 1259 3614 detestantem]

344 3623 364 3656 ¹⁰
381 3625 532 3689 Nicolaum]
556 3624 689 3683 Nicolans,
711 3637 771 3682 sup·
799 3623 853 3670 Om.
866 3621 900 3669 Β.

308 3698 388 3760 posed
407 3697 441 3756 by
458 3710 526 3744 some
544 3700 570 3743 to
589 3696 621 3743 be
634 3707 680 3740 one
692 3692 721 3740 of
728 3691 770 3740 the
833 3688 851 3718 ¹⁴
872 3691 929 3753 Ut]
945 3692 1000 3740 Om.
1018 3690 1047 3739 V.

309 3783 385 3817 seven
397 3766 584 3826 Deacons,was
595 3764 637 3811 the
645 3761 736 3810 author
746 3762 775 3810 ot
832 3759 852 3791 ¹⁴
869 3761 978 3810 Subinde
997 3754 1114 3828 emisse]
1134 3760 1188 3808 Sibi
1203 3775 1260 3809 eve·

309 3838 351 3886 the
364 3840 417 3886 sect
428 3835 501 3883 ofthe
510 3832 645 3882 Nixoaai'm
656 3831 741 3881 which
749 3833 772 3880 is
796 3832 873 3893 nisse,
890 3833 919 3881 V.

309 3906 452 3956 mentioned
470 3907 496 3952 in
515 3905 597 3963 Apoc.
612 3903 640 3951 ii.
657 3907 681 3952 6.
719 3903 772 3950 His
834 3900 852 3929 ¹⁵
869 3897 923 3968 St]
940 3902 994 3950 Om.
1008 3901 1042 3950 B.

310 3992 391 4026 errors
410 3991 452 4024 ure
471 3973 592 4024 recorded
608 3974 642 4032 by
660 3971 772 4033 Epipha-
834 3969 853 3998 ¹⁵
880 3971 1036 4032 Purochiom,
1065 3965 1258 4037 resistentibus]

310 4049 377 4108 nius,
417 4045 571 4106 Augustine,
612 4043 662 4091 and
702 4042 773 4090 other
798 4040 1068 4104 Parochia,nonnullis
1076 4040 1261 4103 resistentibus,

310 4119 409 4166 writers
430 4131 499 4176 upon
517 4114 643 4173 heresies;
666 4112 716 4161 and
735 4127 773 4160 re·
803 4112 833 4162 V.

312 4187 410 4236 ference
421 4187 443 4234 is
451 4199 519 4235 more
527 4184 693 4245 particularly
699 4183 773 4230 made
835 4177 855 4209 ¹⁸
873 4173 953 4247 Nou]
969 4181 1025 4229 Om.
1039 4180 1072 4229 B.

310 4259 337 4306 in
348 4258 390 4307 the
400 4261 454 4306 text
470 4261 496 4305 to
509 4255 548 4303 his
565 4254 678 4304 doctrine
694 4253 723 4301 of
731 4253 773 4301 the
834 4248 854 4278 ²¹
870 4250 1021 4315 Diabolum]
1034 4250 1165 4313 Zabolica,
1181 4249 1211 4300 V.
1227 4250 1261 4298 B.
