3014 5046
349 479 413 543 102
666 492 838 540 nnsronn
861 489 991 537 ornem.

350 651 411 716 sed
439 651 543 715 etiam
571 649 833 715 intolerabiliter
859 646 1130 728 blasphematur.
1187 643 1304 710 Velim

352 751 490 833 quidem
526 750 601 814 haec
636 750 823 832 Scripturae
853 748 969 811 Sacrae
1000 743 1198 809 testimonia
1224 745 1304 810 huic

355 851 522 934 Epistolae
544 850 675 914 inserta
689 849 745 912 vel
766 847 959 923 inserenda,
977 845 1068 909 sicut
1088 850 1210 908 nostra
1231 864 1304 909 me·

355 951 518 1047 diocritas
550 955 680 1033 posset,
714 947 830 1012 omnia
852 955 1029 1027 utcunque
1057 943 1221 1009 historico
1248 945 1304 1011 vel

356 1050 479 1114 morali
492 1070 596 1114 sensu
607 1046 839 1130 interpretari.
1334 1061 1350 1104 o

407 1150 493 1233 §94
516 1149 597 1226 Sed,
623 1169 667 1212 ne
694 1147 732 1211 in
762 1147 966 1210 immensum
992 1143 1131 1208 modum
1157 1161 1307 1226 opuscu-

354 1250 426 1312 lum
459 1249 525 1313 hoc
560 1249 626 1325 his,
657 1248 716 1330 qui
745 1267 816 1311 non
849 1252 921 1310 tam
954 1251 1075 1309 nostra
1105 1263 1209 1328 quam
1239 1242 1308 1309 Dei

355 1348 560 1431 despiciunt,
583 1346 777 1423 fastidiunt,
800 1351 974 1422 avertunt,
997 1344 1197 1428 proteletur,
1225 1343 1309 1407 sim·

355 1448 491 1530 pliciter
512 1455 548 1512 et
569 1449 700 1529 absque
721 1447 794 1511 ulla
807 1447 989 1511 verborum
1011 1444 1211 1509 circuitione
1225 1463 1308 1508 con·

357 1555 457 1629 gesta
492 1548 548 1611 vel
584 1546 802 1629 congerenda
832 1552 926 1610 sunt.
984 1545 1031 1619 Et
1066 1551 1147 1626 post
1184 1562 1308 1627 pauca.
1321 1555 1353 1602 ιο

359 1646 431 1725 Qui
465 1647 556 1710 enim
581 1648 725 1711 solverit
748 1665 854 1710 unum
879 1644 922 1709 de
947 1641 1120 1708 mendatis
1142 1643 1221 1709 istis
1243 1644 1308 1708 mi·

358 1746 472 1824 nimis,
502 1754 538 1811 ct
561 1746 717 1811 docuerit
743 1746 793 1810 sic
820 1745 987 1820 homines
1015 1743 1176 1807 minimus
1204 1761 1310 1808 voca·

358 1846 451 1909 bitur
470 1846 506 1909 in
525 1867 632 1928 regno
654 1847 832 1910 coelorum.
885 1845 932 1908 Et
952 1844 1090 1922 iterum,
1113 1843 1235 1907 Nolite
1250 1843 1310 1927 ju-

358 1946 485 2023 dicare,
514 1953 553 2010 ut
580 1967 650 2011 non
670 1944 892 2029 judicemini3
915 1945 952 2008 in
977 1963 1046 2025 quo
1065 1944 1155 2008 enim
1177 1941 1310 2027 judicio

356 2046 607 2129 judicaveritis,
631 2046 845 2129 judicabitur
868 2044 911 2108 de
939 2043 1049 2108 vobis.
1102 2042 1190 2121 Quis
1224 2061 1354 2126 regom

360 2152 513 2208 vestrum
528 2146 688 2226 respiciet
698 2145 733 2208 id
749 2145 841 2226 quod
856 2142 1033 2226 sequitur?
1087 2142 1180 2221 Quid
1194 2150 1311 2208 autem

360 2244 469 2321 vid'es,
495 2244 619 2326 inquit,
648 2244 817 2308 festucam
840 2244 877 2306 in
910 2243 1015 2307 oculo
1036 2242 1154 2307 fratris
1183 2243 1248 2321 tui,
1275 2248 1312 2308 et

361 2343 494 2407 trabem
521 2345 558 2406 in
582 2344 682 2408 oculo
705 2351 766 2408 tuo
789 2363 859 2407 non
885 2342 1107 2407 considerasl
1140 2349 1201 2407 aut
1223 2362 1311 2425 quo·

361 2443 465 2506 modo
488 2443 573 2508 dicis
597 2443 696 2508 fratri
721 2450 794 2520 tuo,
817 2443 899 2507 Sine
920 2442 1055 2526 ejiciam
1077 2442 1246 2507 festucam
1267 2443 1312 2507 de

360 2542 459 2607 oculo
483 2549 556 2620 tuo,
571 2552 606 2610 et
619 2564 710 2622 ecce,
731 2545 848 2608 trabes
867 2544 904 2606 in
926 2544 1027 2606 oculo
1046 2550 1107 2608 tuo
1126 2549 1190 2607 est.
1242 2542 1357 2609 Velio

360 2642 631 2725 quodsequitur3
648 2644 769 2709 Nolite
777 2643 860 2707 dare
868 2651 1026 2707 sanctum
1038 2643 1192 2721 canibus,
1201 2661 1312 2725 neque

360 2742 521 2807 miseritis
543 2744 749 2826 margaritas
763 2750 897 2809 vestras
917 2751 998 2808 ante
1011 2762 1148 2825 porcos,
1165 2762 1208 2806 ne
1223 2742 1313 2807 forte

360 2842 630 2906 conculcenteas
639 2843 782 2926 pedibus
793 2844 876 2920 suiS,
885 2849 921 2906 et
929 2844 1088 2907 conversi
1098 2844 1315 2925 disrumpant

360 2960 435 3017 vos
459 2942 551 3023 quod
573 2943 763 3024 saepissime
785 2942 884 3006 vobis
905 2943 1032 3005 evenit.
1084 2943 1131 3007 Et
1147 2943 1313 3026 populum

360 3058 515 3115 monens,
530 3060 574 3102 ne
594 3060 616 3104 a
638 3040 766 3104 dolosis
781 3040 990 3117 doctoribus
1007 3046 1047 3104 ut
1069 3042 1152 3104 estis
1166 3061 1243 3120 vos,
1259 3061 1314 3107 se·
1324 3054 1356 3100 ee

360 3136 553 3215 duceretur,
565 3137 666 3218 dixit,
676 3138 857 3204 Attendite
866 3139 964 3203 vobis
980 3139 1111 3204 afelsis
1123 3141 1315 3224 prophetis,

361 3237 421 3318 qui
445 3239 588 3303 veniunt
612 3240 656 3303 ad
671 3259 734 3305 vos
753 3239 789 3303 in
808 3239 937 3305 vestitu
959 3240 1087 3317 ovium,
1105 3241 1314 3306 intrinsecus

361 3344 477 3400 autem
499 3346 582 3403 sunt
595 3340 668 3423 lupi
689 3358 832 3422 rapaces
848 3359 857 3420 3
881 3360 903 3403 a
917 3339 1083 3404 fructibus
1098 3361 1216 3405 eorum
1231 3361 1315 3423 cog-

361 3437 511 3502 noscetis
526 3459 597 3504 eos.
651 3440 820 3523 Nunquid
834 3439 1003 3520 colligunt
1021 3440 1064 3503 de
1084 3442 1194 3524 spinis
1214 3459 1314 3518 uvaS,

363 3544 425 3601 aut
438 3538 481 3600 de
492 3540 628 3603 tribulis
641 3541 750 3603 ficus?
796 3539 853 3602 Sic
863 3540 972 3603 omnis
988 3542 1090 3605 arbor
1102 3542 1194 3606 bona
1203 3541 1313 3604 bonos
1327 3555 1363 3600 so

361 3635 494 3700 fructus
509 3638 605 3715 facit,
621 3646 656 3703 et
672 3639 765 3702 mala
778 3640 899 3703 malos,
951 3640 999 3702 Et
1017 3639 1119 3718 infra,
1135 3641 1218 3704 Non
1240 3660 1314 3727 om·

361 3735 427 3811 nis,
451 3736 510 3816 qui
532 3737 615 3801 dicit
638 3737 722 3801 mihi
746 3739 895 3802 Domine
922 3740 1083 3817 Domine,
1108 3740 1252 3804 intrabit
1276 3737 1313 3803 in

362 3853 506 3915 regnum
531 3837 717 3916 coelorum;
742 3837 801 3901 sed
820 3838 879 3919 qui
899 3838 983 3902 facit
1004 3840 1219 3904 voluntatem
1243 3839 1315 3902 Pa-

363 3935 425 3996 tris
440 3933 519 4013 mei,
534 3938 593 4018 qui
607 3939 644 4000 in
660 3938 757 4002 coelis
778 3945 843 4015 ost,
859 3938 933 4019 ipse
951 3938 1095 4004 intrabit
1112 3941 1150 4003 in
1169 3958 1314 4022 regnum

363 4036 541 4100 coelorum.
1327 4051 1358 4096 ss

396 4218 525 4291 2ὅππῃ]
543 4226 646 4287 Facere,
660 4227 692 4275 Β.
887 4223 907 4256 ¹⁰
918 4228 980 4276 Post
996 4230 1097 4293 pauca]
1115 4228 1208 4278 Matth.
1229 4243 1253 4278 v.
1267 4232 1314 4288 193

397 4289 579 4357 ⁸Proteletur.]
598 4297 762 4357 Protollatur‚
779 4296 807 4344 V.
851 4297 895 4346 vii.
909 4301 932 4359 1,
944 4302 990 4348 etc.
