3014 5046
361 464 405 526 56
677 475 848 523 nrrsronn
872 475 1001 521 omnm.

362 634 496 698 sonitus
518 634 725 710 laetantium,
754 634 963 697 conticescet
986 629 1130 693 dulcedo
1157 627 1313 706 citharae,

363 754 441 797 cum
463 735 598 797 cantico
621 754 691 797 non
713 734 832 796 bibent
844 733 975 807 vinum,
998 748 1117 792 amara
1140 730 1206 791 erit
1218 730 1314 809 potio

362 834 559 896 bibentibus
583 832 689 896 illam.
742 830 876 896 Attrita
905 837 959 893 θεῖ
988 830 1111 892 civitas
1135 829 1314 906 vanitatiS,

364 933 480 995 clausa
505 940 559 995 est
580 933 692 995 omnis
707 932 841 1008 domuS,
855 931 951 993 nullo
972 930 1180 992 introeunte.
1233 926 1315 991 Cla-

364 1052 440 1095 mor
453 1032 519 1096 erit
538 1052 641 1113 super
655 1032 736 1095 vino
757 1032 794 1093 in
815 1030 952 1112 plateis,
971 1029 1108 1091 deserta
1130 1035 1183 1091 est
1204 1027 1316 1090 omnis
1344 1047 1359 1091 5

364 1131 500 1208 laetitia,
514 1131 722 1194 translatum
736 1138 790 1194 est
803 1130 967 1210 gaudium
990 1136 1104 1203 terrae,
1119 1127 1240 1190 relicta
1263 1135 1317 1191 est

366 1231 403 1294 in
427 1232 512 1293 urbe
535 1231 696 1307 solitudo,
722 1238 757 1293 et
779 1230 959 1293 calamitas
989 1228 1160 1310 opprimet
1184 1235 1316 1308 portae,
1387 1312 1391 1318 ¹

366 1326 448 1411 quia
471 1329 545 1392 haec
561 1337 662 1393 erunt
684 1331 720 1392 in
744 1329 856 1393 medio
871 1336 985 1404 terrae,
1001 1335 1036 1391 et
1059 1328 1093 1390 in
1119 1325 1232 1389 medio
1253 1346 1316 1409 po-

365 1428 535 1512 pulorum.
588 1428 635 1493 Et
661 1437 742 1511 post
769 1447 893 1511 pauca,
922 1428 1199 1490 Praevaricantes
1227 1446 1317 1508 pree-

367 1529 513 1593 varicati
535 1536 628 1606 sunt,
651 1537 687 1593 et
708 1527 994 1611 praevaricatione
1023 1534 1319 1607 transgressorum
1331 1542 1363 1587 ro

367 1629 586 1710 praevaricati
608 1637 700 1692 sunt.
748 1627 923 1704 Formido,
938 1635 975 1691 et
987 1626 1110 1702 foveae,
1125 1634 1160 1689 et
1173 1625 1319 1708 laqueus

367 1735 542 1809 superte,
569 1729 630 1810 qui
654 1728 828 1792 habitator
858 1746 894 1790 es
928 1735 1040 1791 terrae.
1093 1725 1141 1788 Et
1163 1726 1229 1788 erit
1258 1726 1320 1807 qui
1376 1730 1386 1797 ’,

367 1826 497 1908 fugerit
510 1847 531 1890 a
546 1847 631 1891 voce
650 1828 840 1892 formidinis
865 1827 965 1890 cadet
986 1827 1022 1888 in
1046 1825 1195 1902 soveam,
1209 1832 1244 1888 et
1258 1827 1320 1908 qui
1387 1824 1391 1830 ’

368 1945 405 1989 εθ
428 1928 655 2008 explicaverit
678 1928 721 1990 de
744 1927 845 1992 sovea
869 1927 1042 1990 tenebitur
1067 1924 1213 2007 laqueo;
1237 1927 1320 2007 quia
1383 1983 1386 1987 ,

368 2033 553 2089 cataractae
576 2027 629 2091 *de
661 2028 808 2090 excelsis
839 2034 968 2107 apertae
993 2032 1107 2102 erunt,
1133 2032 1169 2088 et
1192 2044 1364 2091 conen-15

368 2126 498 2188 tientur
524 2124 749 2189 fundamenta
778 2134 890 2190 terrae.
953 2125 1197 2189 Confractione
1236 2144 1319 2188 con-

367 2223 538 2304 fringetur
566 2231 670 2301 terra,
690 2225 918 2288 commotione
941 2225 1222 2301 commovebitur,
1244 2226 1319 2306 agi-

368 2323 499 2385 tatione
523 2323 713 2402 agitabitur
734 2324 824 2386 sieut
839 2323 965 2401 ebrius,
980 2331 1016 2387 et
1030 2324 1205 2387 auferetur
1219 2325 1320 2405 quasi

369 2421 630 2485 tabernaculum
652 2423 754 2485 unius
778 2423 902 2499 noctis,
918 2430 953 2486 et
975 2424 1135 2504 gravabit
1154 2442 1230 2486 eam
1252 2424 1319 2485 ini-

369 2522 484 2602 quitas
499 2540 574 2598 sua,
589 2529 625 2585 et
639 2530 787 2600 corruet,
803 2529 838 2585 et
852 2543 922 2586 non
937 2523 1078 2607 adjiciet
1096 2531 1136 2587 ut
1149 2530 1365 2603 resurgatur

370 2621 417 2684 Et
434 2621 500 2684 erit
521 2622 558 2683 in
582 2622 636 2684 die
651 2623 723 2700 illa,
740 2623 895 2686 visitabit
909 2623 1080 2686 Dominus
1105 2642 1208 2704 super
1229 2622 1319 2686 mili-

370 2720 455 2782 tiam
481 2721 561 2784 coeli
583 2723 619 2784 in
645 2723 796 2800 excelse,
823 2730 858 2786 et
883 2742 987 2804 super
1011 2742 1110 2803 reges
1136 2729 1237 2785 terrae
1260 2722 1320 2803 qui

368 2827 452 2883 sunt
466 2839 569 2902 super
582 2828 709 2884 terram
721 2843 729 2902 ;
754 2830 790 2885 et
808 2823 1112 2902 congregabuntur
1125 2821 1162 2883 in
1176 2841 1319 2902 congre-

368 2919 544 2999 gationem
560 2922 661 2982 unius
677 2921 780 2983 sasois
803 2921 839 2983 in
861 2921 987 2996 lacum,
1003 2928 1039 2983 et
1053 2920 1258 2984 claudentur
1271 2921 1320 2985 ibi

368 3018 405 3079 in
435 3036 618 3095 carcerem,
647 3026 682 3082 et
709 3026 790 3100 post
815 3018 942 3081 multos
969 3019 1042 3080 dies
1073 3018 1318 3085 visitabuntur.
1331 3035 1366 3081 aa

369 3115 416 3179 Et
430 3117 609 3180 erubescet
620 3117 715 3193 luna,
729 3125 765 3180 et
779 3115 1009 3180 confundetur
1023 3117 1087 3194 sol,
1101 3136 1179 3180 cum
1194 3137 1320 3198 regna-

367 3216 457 3278 verit
480 3215 650 3280 Dominus
673 3217 887 3280 exercituum
908 3217 944 3279 in
966 3224 1083 3280 monte
1107 3215 1202 3293 Sion,
1225 3225 1260 3280 et
1282 3217 1319 3281 in

366 3313 390 3377 J
393 3314 582 3396 erusalem3
608 3323 643 3379 et
661 3317 698 3379 in
715 3323 903 3398 conspectu
917 3335 1038 3379 senum
1053 3336 1194 3380 suorum
1216 3316 1320 3382 fuerit

364 3414 589 3494 glorificatus.

418 3514 436 3596 ἕ
465 3515 520 3578 46.
553 3516 600 3580 Εῖ
635 3524 715 3597 post
742 3515 922 3598 aliquanta
959 3517 1129 3581 rationem
1160 3517 1317 3594 reddens,
1331 3539 1363 3584 ao

366 3616 589 3694 quamobrem
602 3616 688 3678 talia
707 3617 907 3692 minaretur,
921 3615 972 3677 ita
986 3617 1047 3694 ait,
1065 3617 1167 3692 Ecce,
1181 3624 1319 3681 nonest

366 3714 568 3778 abbreviata
595 3732 718 3775 manus
749 3715 903 3791 Domini,
925 3722 965 3778 ut
986 3717 1123 3779 salvare
1146 3723 1316 3798 nequeat;

366 3831 478 3892 neque
494 3820 687 3892 aggravata
709 3821 762 3877 est
786 3815 879 3876 auris
900 3813 986 3896 ejus,
1002 3822 1125 3878 utnon
1140 3815 1315 3880 exaudiat.

366 3910 435 3974 Sed
470 3911 671 3992 iniquitates
693 3904 818 3976 vestrae
849 3913 1041 3976 diviserunt
1071 3914 1250 3978 intervos
1282 3923 1318 3978 et

367 4011 480 4074 Deum
494 4019 669 4092 vestrum3
697 4020 733 4076 et
754 4020 898 4094 peccata
922 4020 1040 4076 vestra
1064 4014 1317 4079 absconderunt
1331 4034 1362 4078 ³5

366 4109 488 4172 faciem
507 4111 582 4193 ejus
606 4131 627 4174 a
641 4112 751 4189 vobis,
766 4131 809 4174 ne
831 4111 1022 4175 exaudiret.
1074 4113 1203 4176 Manus
1226 4115 1317 4176 enim

365 4215 491 4272 vestrae
505 4211 648 4291 pollutae
664 4219 746 4275 sunt
760 4211 940 4291 sanguine,
956 4218 991 4274 et
1005 4212 1106 4294 digiti
1121 4213 1229 4278 vestri
1250 4213 1316 4278 ini·
