<?xml version="1.0" encoding="UTF-8"?>
<!DOCTYPE html PUBLIC "-//W3C//DTD XHTML 1.0 Transitional//EN"
    "http://www.w3.org/TR/xhtml1/DTD/xhtml1-transitional.dtd">
<html xmlns="http://www.w3.org/1999/xhtml" xml:lang="en" lang="en">
 <head>
  <title>
</title>
<meta http-equiv="Content-Type" content="text/html;charset=utf-8" />
  <meta name='ocr-system' content='tesseract 3.04.00' />
  <meta name='ocr-capabilities' content='ocr_page ocr_carea ocr_par ocr_line ocrx_word'/>
</head>
<body>
  <div class='ocr_page' id='page_1' title='image "./gildasdeexcidio01gildgoog_0068.png"; bbox 0 0 3014 5046; ppageno 0'>
   <div class='ocr_carea' id='block_1_1' title="bbox 362 451 1001 530">
    <p class='ocr_par' dir='ltr' id='par_1_1' title="bbox 362 451 1001 530">
     <span class='ocr_line' id='line_1_1' title="bbox 362 451 1001 530; baseline 0 -18"><span class='ocrx_word' id='word_1_1' title='bbox 362 451 404 530; x_wconf 83' lang='grc'>16</span> <span class='ocrx_word' id='word_1_2' title='bbox 676 467 848 514; x_wconf 74' lang='lat' dir='ltr'>rnsronrn</span> <span class='ocrx_word' id='word_1_3' title='bbox 872 466 1001 512; x_wconf 76' lang='lat' dir='ltr'>cinon.</span> 
     </span>
    </p>
   </div>
   <div class='ocr_carea' id='block_1_2' title="bbox 198 623 1359 3198">
    <p class='ocr_par' dir='ltr' id='par_1_2' title="bbox 361 623 1358 1307">
     <span class='ocr_line' id='line_1_2' title="bbox 362 623 1313 707; baseline -0.002 -19"><span class='ocrx_word' id='word_1_4' title='bbox 362 633 487 690; x_wconf 89' lang='lat' dir='ltr'>cuncta</span> <span class='ocrx_word' id='word_1_5' title='bbox 503 634 659 707; x_wconf 87' lang='lat' dir='ltr'>tempora</span> <span class='ocrx_word' id='word_1_6' title='bbox 682 624 881 701; x_wconf 82' lang='lat' dir='ltr'>excedente,</span> <span class='ocrx_word' id='word_1_7' title='bbox 904 625 977 687; x_wconf 89' lang='lat' dir='ltr'>orbi</span> <span class='ocrx_word' id='word_1_8' title='bbox 996 625 1157 687; x_wconf 90' lang='lat' dir='ltr'>universo</span> <span class='ocrx_word' id='word_1_9' title='bbox 1172 623 1313 706; x_wconf 86' lang='lat' dir='ltr'>praesul-</span> 
     </span>
     <span class='ocr_line' id='line_1_3' title="bbox 362 725 1313 806; baseline -0.002 -18"><span class='ocrx_word' id='word_1_10' title='bbox 362 725 480 806; x_wconf 89' lang='lat' dir='ltr'>gidum</span> <span class='ocrx_word' id='word_1_11' title='bbox 500 727 555 789; x_wconf 90' lang='lat' dir='ltr'>sui</span> <span class='ocrx_word' id='word_1_12' title='bbox 569 746 749 791; x_wconf 88' lang='lat' dir='ltr'>coruscum</span> <span class='ocrx_word' id='word_1_13' title='bbox 772 732 972 804; x_wconf 84' lang='lat' dir='ltr'>ostentans3</span> <span class='ocrx_word' id='word_1_14' title='bbox 997 731 1162 806; x_wconf 90' lang='lat' dir='ltr'>tempore,</span> <span class='ocrx_word' id='word_1_15' title='bbox 1185 731 1224 788; x_wconf 93' lang='lat' dir='ltr'>ut</span> <span class='ocrx_word' id='word_1_16' title='bbox 1247 725 1313 787; x_wconf 90' lang='lat' dir='ltr'>sci-</span> 
     </span>
     <span class='ocr_line' id='line_1_4' title="bbox 361 823 1313 905; baseline -0.002 -18"><span class='ocrx_word' id='word_1_17' title='bbox 361 845 450 902; x_wconf 80' lang='lat' dir='ltr'>muS,</span> <span class='ocrx_word' id='word_1_18' title='bbox 464 845 598 889; x_wconf 90' lang='lat' dir='ltr'>summo</span> <span class='ocrx_word' id='word_1_19' title='bbox 613 827 742 889; x_wconf 88' lang='lat' dir='ltr'>Tiberii</span> <span class='ocrx_word' id='word_1_20' title='bbox 755 824 915 901; x_wconf 83' lang='lat' dir='ltr'>Caesaris,</span> <span class='ocrx_word' id='word_1_21' title='bbox 931 843 1000 905; x_wconf 93' lang='lat' dir='ltr'>quo</span> <span class='ocrx_word' id='word_1_22' title='bbox 1015 825 1147 905; x_wconf 83' lang='lat' dir='ltr'>absque</span> <span class='ocrx_word' id='word_1_23' title='bbox 1160 823 1233 887; x_wconf 94' lang='lat' dir='ltr'>ullo</span> <span class='ocrx_word' id='word_1_24' title='bbox 1248 825 1313 886; x_wconf 92' lang='lat' dir='ltr'>im-</span> 
     </span>
     <span class='ocr_line' id='line_1_5' title="bbox 362 924 1313 1009; baseline -0.001 -21"><span class='ocrx_word' id='word_1_25' title='bbox 362 925 557 1007; x_wconf 90' lang='lat' dir='ltr'>pedimento</span> <span class='ocrx_word' id='word_1_26' title='bbox 572 926 647 1009; x_wconf 92' lang='lat' dir='ltr'>ejus</span> <span class='ocrx_word' id='word_1_27' title='bbox 661 925 919 1009; x_wconf 84' lang='lat' dir='ltr'>propagabatur</span> <span class='ocrx_word' id='word_1_28' title='bbox 935 924 1069 1004; x_wconf 90' lang='lat' dir='ltr'>religio,</span> <span class='ocrx_word' id='word_1_29' title='bbox 1093 924 1313 1000; x_wconf 88' lang='lat' dir='ltr'>comminata,</span> 
     </span>
     <span class='ocr_line' id='line_1_6' title="bbox 362 1023 1358 1107; baseline -0.001 -20"><span class='ocrx_word' id='word_1_30' title='bbox 362 1025 493 1089; x_wconf 85' lang='lat' dir='ltr'>Senatu</span> <span class='ocrx_word' id='word_1_31' title='bbox 507 1026 658 1103; x_wconf 88' lang='lat' dir='ltr'>nolente,</span> <span class='ocrx_word' id='word_1_32' title='bbox 682 1046 703 1089; x_wconf 85' lang='lat' dir='ltr'>a</span> <span class='ocrx_word' id='word_1_33' title='bbox 716 1025 870 1107; x_wconf 87' lang='lat' dir='ltr'>principe</span> <span class='ocrx_word' id='word_1_34' title='bbox 892 1031 1002 1087; x_wconf 90' lang='lat' dir='ltr'>morte</span> <span class='ocrx_word' id='word_1_35' title='bbox 1024 1023 1227 1086; x_wconf 88' lang='lat' dir='ltr'>dilatoribus</span> <span class='ocrx_word' id='word_1_36' title='bbox 1250 1024 1314 1086; x_wconf 93' lang='lat' dir='ltr'>mi·</span> <span class='ocrx_word' id='word_1_37' title='bbox 1343 1049 1358 1092; x_wconf 75' lang='lat'><strong>5</strong></span> 
     </span>
     <span class='ocr_line' id='line_1_7' title="bbox 361 1122 1314 1209; baseline 0 -23"><span class='ocrx_word' id='word_1_38' title='bbox 361 1125 460 1188; x_wconf 93' lang='lat' dir='ltr'>litum</span> <span class='ocrx_word' id='word_1_39' title='bbox 484 1127 649 1209; x_wconf 91' lang='lat' dir='ltr'>ejusdem,</span> <span class='ocrx_word' id='word_1_40' title='bbox 676 1125 791 1188; x_wconf 90' lang='lat' dir='ltr'>radios</span> <span class='ocrx_word' id='word_1_41' title='bbox 813 1144 895 1187; x_wconf 88' lang='lat' dir='ltr'>suos</span> <span class='ocrx_word' id='word_1_42' title='bbox 918 1125 1065 1205; x_wconf 87' lang='lat' dir='ltr'>primum</span> <span class='ocrx_word' id='word_1_43' title='bbox 1087 1122 1256 1204; x_wconf 82' lang='lat' dir='ltr'>indulget,</span> <span class='ocrx_word' id='word_1_44' title='bbox 1278 1123 1314 1187; x_wconf 93' lang='lat' dir='ltr'>id</span> 
     </span>
     <span class='ocr_line' id='line_1_8' title="bbox 362 1224 894 1307; baseline 0 -21"><span class='ocrx_word' id='word_1_45' title='bbox 362 1232 427 1301; x_wconf 89' lang='lat' dir='ltr'>est,</span> <span class='ocrx_word' id='word_1_46' title='bbox 442 1245 506 1288; x_wconf 90' lang='lat' dir='ltr'>sua</span> <span class='ocrx_word' id='word_1_47' title='bbox 518 1232 705 1307; x_wconf 87' lang='lat' dir='ltr'>praecepta,</span> <span class='ocrx_word' id='word_1_48' title='bbox 724 1224 894 1288; x_wconf 90' lang='lat' dir='ltr'>Christus.</span> 
     </span>
    </p>

    <p class='ocr_par' dir='ltr' id='par_1_3' title="bbox 198 1322 1313 1420">
     <span class='ocr_line' id='line_1_9' title="bbox 198 1322 1313 1420; baseline -0.001 -33"><span class='ocrx_word' id='word_1_49' title='bbox 198 1330 348 1420; x_wconf 47' lang='grc' dir='ltr'>ξιῇξοιζξὶζξᾶπ</span> <span class='ocrx_word' id='word_1_50' title='bbox 413 1325 430 1407; x_wconf 56' lang='grc' dir='ltr'><em>ᾗ</em></span> <span class='ocrx_word' id='word_1_51' title='bbox 445 1325 477 1388; x_wconf 93' lang='grc'>9.</span> <span class='ocrx_word' id='word_1_52' title='bbox 503 1324 604 1403; x_wconf 83' lang='lat' dir='ltr'>Quae,</span> <span class='ocrx_word' id='word_1_53' title='bbox 619 1325 701 1388; x_wconf 91' lang='lat' dir='ltr'>licet</span> <span class='ocrx_word' id='word_1_54' title='bbox 717 1325 760 1387; x_wconf 92' lang='lat' dir='ltr'>ab</span> <span class='ocrx_word' id='word_1_55' title='bbox 776 1323 898 1386; x_wconf 90' lang='lat' dir='ltr'>incolis</span> <span class='ocrx_word' id='word_1_56' title='bbox 913 1322 1027 1404; x_wconf 89' lang='lat' dir='ltr'>tepide</span> <span class='ocrx_word' id='word_1_57' title='bbox 1044 1331 1206 1406; x_wconf 89' lang='lat' dir='ltr'>suscepta</span> <span class='ocrx_word' id='word_1_58' title='bbox 1220 1330 1313 1400; x_wconf 88' lang='lat' dir='ltr'>sunt,</span> 
     </span>
    </p>

    <p class='ocr_par' dir='ltr' id='par_1_4' title="bbox 199 1423 1359 3198">
     <span class='ocr_line' id='line_1_10' title="bbox 199 1423 1313 1505; baseline 0.001 -20"><span class='ocrx_word' id='word_1_59' title='bbox 199 1431 325 1470; x_wconf 57' lang='lat' dir='ltr'>niwelen·</span> <span class='ocrx_word' id='word_1_60' title='bbox 361 1424 454 1505; x_wconf 91' lang='lat' dir='ltr'>apud</span> <span class='ocrx_word' id='word_1_61' title='bbox 476 1425 642 1505; x_wconf 90' lang='lat' dir='ltr'>quosdam</span> <span class='ocrx_word' id='word_1_62' title='bbox 665 1432 781 1489; x_wconf 89' lang='lat' dir='ltr'>tamen</span> <span class='ocrx_word' id='word_1_63' title='bbox 803 1424 949 1504; x_wconf 82' lang='lat' dir='ltr'>integre,</span> <span class='ocrx_word' id='word_1_64' title='bbox 970 1430 1005 1486; x_wconf 89' lang='lat' dir='ltr'>et</span> <span class='ocrx_word' id='word_1_65' title='bbox 1029 1423 1121 1505; x_wconf 88' lang='lat' dir='ltr'>apud</span> <span class='ocrx_word' id='word_1_66' title='bbox 1144 1424 1231 1487; x_wconf 88' lang='lat' dir='ltr'>alios</span> <span class='ocrx_word' id='word_1_67' title='bbox 1250 1423 1313 1486; x_wconf 92' lang='lat' dir='ltr'>mi-</span> 
     </span>
     <span class='ocr_line' id='line_1_11' title="bbox 361 1522 1359 1607; baseline 0.001 -22"><span class='ocrx_word' id='word_1_68' title='bbox 361 1542 439 1599; x_wconf 91' lang='lat' dir='ltr'>nus,</span> <span class='ocrx_word' id='word_1_69' title='bbox 460 1525 631 1605; x_wconf 87' lang='lat' dir='ltr'>usquead</span> <span class='ocrx_word' id='word_1_70' title='bbox 652 1523 926 1606; x_wconf 83' lang='lat' dir='ltr'>persecutionem</span> <span class='ocrx_word' id='word_1_71' title='bbox 942 1522 1153 1587; x_wconf 89' lang='lat' dir='ltr'>Diocletiani</span> <span class='ocrx_word' id='word_1_72' title='bbox 1174 1524 1314 1607; x_wconf 85' lang='lat' dir='ltr'>tyranni</span> <span class='ocrx_word' id='word_1_73' title='bbox 1327 1541 1359 1587; x_wconf 85' lang='grc' dir='ltr'>ιο</span> 
     </span>
     <span class='ocr_line' id='line_1_12' title="bbox 361 1623 1314 1705; baseline 0.001 -21"><span class='ocrx_word' id='word_1_74' title='bbox 361 1643 554 1686; x_wconf 89' lang='lat' dir='ltr'>novennem</span> <span class='ocrx_word' id='word_1_75' title='bbox 569 1645 578 1703; x_wconf 88' lang='lat'>;</span> <span class='ocrx_word' id='word_1_76' title='bbox 596 1625 633 1687; x_wconf 92' lang='lat' dir='ltr'>in</span> <span class='ocrx_word' id='word_1_77' title='bbox 653 1643 722 1705; x_wconf 94' lang='lat' dir='ltr'>qua</span> <span class='ocrx_word' id='word_1_78' title='bbox 744 1624 919 1687; x_wconf 88' lang='lat' dir='ltr'>subversae</span> <span class='ocrx_word' id='word_1_79' title='bbox 940 1642 1002 1704; x_wconf 90' lang='lat' dir='ltr'>per</span> <span class='ocrx_word' id='word_1_80' title='bbox 1016 1629 1128 1687; x_wconf 89' lang='lat' dir='ltr'>totum</span> <span class='ocrx_word' id='word_1_81' title='bbox 1149 1623 1314 1685; x_wconf 92' lang='lat' dir='ltr'>mundum</span> 
     </span>
     <span class='ocr_line' id='line_1_13' title="bbox 361 1722 1313 1805; baseline 0 -20"><span class='ocrx_word' id='word_1_82' title='bbox 361 1731 443 1786; x_wconf 89' lang='lat' dir='ltr'>sunt</span> <span class='ocrx_word' id='word_1_83' title='bbox 468 1723 633 1801; x_wconf 85' lang='lat' dir='ltr'>ecclesiae,</span> <span class='ocrx_word' id='word_1_84' title='bbox 658 1730 693 1787; x_wconf 89' lang='lat' dir='ltr'>et</span> <span class='ocrx_word' id='word_1_85' title='bbox 717 1731 851 1788; x_wconf 86' lang='lat' dir='ltr'>cunctae</span> <span class='ocrx_word' id='word_1_86' title='bbox 877 1741 984 1786; x_wconf 88' lang='lat' dir='ltr'>sacrae</span> <span class='ocrx_word' id='word_1_87' title='bbox 1008 1722 1207 1805; x_wconf 87' lang='lat' dir='ltr'>Scripturae,</span> <span class='ocrx_word' id='word_1_88' title='bbox 1234 1741 1313 1803; x_wconf 86' lang='lat' dir='ltr'>quae</span> 
     </span>
     <span class='ocr_line' id='line_1_14' title="bbox 360 1823 1313 1906; baseline 0.001 -21"><span class='ocrx_word' id='word_1_89' title='bbox 360 1823 507 1887; x_wconf 90' lang='lat' dir='ltr'>inveniri</span> <span class='ocrx_word' id='word_1_90' title='bbox 530 1830 729 1906; x_wconf 86' lang='lat' dir='ltr'>potuerunt,</span> <span class='ocrx_word' id='word_1_91' title='bbox 760 1825 797 1886; x_wconf 89' lang='lat' dir='ltr'>in</span> <span class='ocrx_word' id='word_1_92' title='bbox 822 1823 945 1905; x_wconf 90' lang='lat' dir='ltr'>plateis</span> <span class='ocrx_word' id='word_1_93' title='bbox 972 1830 1118 1898; x_wconf 87' lang='lat' dir='ltr'>exustae,</span> <span class='ocrx_word' id='word_1_94' title='bbox 1148 1828 1184 1886; x_wconf 90' lang='lat' dir='ltr'>et</span> <span class='ocrx_word' id='word_1_95' title='bbox 1214 1823 1313 1886; x_wconf 89' lang='lat' dir='ltr'>electi</span> 
     </span>
     <span class='ocr_line' id='line_1_15' title="bbox 361 1921 1313 2006; baseline 0 -22"><span class='ocrx_word' id='word_1_96' title='bbox 361 1923 557 1987; x_wconf 87' lang='lat' dir='ltr'>sacerdotes</span> <span class='ocrx_word' id='word_1_97' title='bbox 580 1924 696 2006; x_wconf 89' lang='lat' dir='ltr'>gregis</span> <span class='ocrx_word' id='word_1_98' title='bbox 712 1923 854 1987; x_wconf 90' lang='lat' dir='ltr'>Domini</span> <span class='ocrx_word' id='word_1_99' title='bbox 876 1943 954 1987; x_wconf 92' lang='lat' dir='ltr'>cum</span> <span class='ocrx_word' id='word_1_100' title='bbox 975 1921 1216 1986; x_wconf 88' lang='lat' dir='ltr'>innocentibus</span> <span class='ocrx_word' id='word_1_101' title='bbox 1239 1922 1313 1987; x_wconf 87' lang='lat' dir='ltr'>ovi-</span> 
     </span>
     <span class='ocr_line' id='line_1_16' title="bbox 361 2021 1358 2103; baseline 0.003 -18"><span class='ocrx_word' id='word_1_102' title='bbox 361 2022 424 2085; x_wconf 91' lang='lat' dir='ltr'>bus</span> <span class='ocrx_word' id='word_1_103' title='bbox 449 2023 631 2102; x_wconf 84' lang='lat' dir='ltr'>trucidati3</span> <span class='ocrx_word' id='word_1_104' title='bbox 663 2024 725 2100; x_wconf 94' lang='lat' dir='ltr'>ita,</span> <span class='ocrx_word' id='word_1_105' title='bbox 755 2030 795 2087; x_wconf 94' lang='lat' dir='ltr'>ut</span> <span class='ocrx_word' id='word_1_106' title='bbox 823 2042 866 2085; x_wconf 90' lang='lat' dir='ltr'>ne</span> <span class='ocrx_word' id='word_1_107' title='bbox 895 2021 1079 2102; x_wconf 87' lang='lat' dir='ltr'>vestigium</span> <span class='ocrx_word' id='word_1_108' title='bbox 1105 2021 1255 2103; x_wconf 92' lang='lat' dir='ltr'>quidem,</span> <span class='ocrx_word' id='word_1_109' title='bbox 1283 2021 1314 2084; x_wconf 90' lang='lat' dir='ltr'>si</span> <span class='ocrx_word' id='word_1_110' title='bbox 1326 2043 1358 2088; x_wconf 75' lang='lat'>15</span> 
     </span>
     <span class='ocr_line' id='line_1_17' title="bbox 360 2120 1314 2203; baseline 0.002 -20"><span class='ocrx_word' id='word_1_111' title='bbox 360 2121 434 2183; x_wconf 86' lang='lat' dir='ltr'>fieri</span> <span class='ocrx_word' id='word_1_112' title='bbox 452 2123 634 2203; x_wconf 88' lang='lat' dir='ltr'>potuisset,</span> <span class='ocrx_word' id='word_1_113' title='bbox 652 2122 688 2184; x_wconf 92' lang='lat' dir='ltr'>in</span> <span class='ocrx_word' id='word_1_114' title='bbox 709 2120 884 2184; x_wconf 90' lang='lat' dir='ltr'>nonnullis</span> <span class='ocrx_word' id='word_1_115' title='bbox 902 2120 1090 2203; x_wconf 87' lang='lat' dir='ltr'>provinciis</span> <span class='ocrx_word' id='word_1_116' title='bbox 1105 2121 1314 2186; x_wconf 71' lang='lat' dir='ltr'>Christianae</span> 
     </span>
     <span class='ocr_line' id='line_1_18' title="bbox 361 2219 1314 2304; baseline 0.004 -23"><span class='ocrx_word' id='word_1_117' title='bbox 361 2220 538 2300; x_wconf 90' lang='lat' dir='ltr'>religionis</span> <span class='ocrx_word' id='word_1_118' title='bbox 564 2227 757 2304; x_wconf 85' lang='lat' dir='ltr'>appareret.</span> <span class='ocrx_word' id='word_1_119' title='bbox 811 2219 1037 2283; x_wconf 89' lang='lat' dir='ltr'>Permansere</span> <span class='ocrx_word' id='word_1_120' title='bbox 1061 2226 1144 2282; x_wconf 89' lang='lat' dir='ltr'>tunc</span> <span class='ocrx_word' id='word_1_121' title='bbox 1172 2228 1314 2301; x_wconf 84' lang='lat' dir='ltr'>quantae</span> 
     </span>
     <span class='ocr_line' id='line_1_19' title="bbox 360 2309 1314 2401; baseline 0.002 -19"><span class='ocrx_word' id='word_1_122' title='bbox 360 2318 465 2401; x_wconf 87' lang='lat' dir='ltr'>fugae,</span> <span class='ocrx_word' id='word_1_123' title='bbox 489 2327 628 2401; x_wconf 84' lang='lat' dir='ltr'>quantae</span> <span class='ocrx_word' id='word_1_124' title='bbox 652 2328 798 2401; x_wconf 89' lang='lat' dir='ltr'>strages,</span> <span class='ocrx_word' id='word_1_125' title='bbox 822 2326 962 2400; x_wconf 87' lang='lat' dir='ltr'>quantae</span> <span class='ocrx_word' id='word_1_126' title='bbox 986 2318 1199 2382; x_wconf 88' lang='lat' dir='ltr'>diversarum</span> <span class='ocrx_word' id='word_1_127' title='bbox 1221 2309 1314 2384; x_wconf 92' lang='lat' dir='ltr'>mor·</span> 
     </span>
     <span class='ocr_line' id='line_1_20' title="bbox 360 2418 1311 2502; baseline 0.002 -20"><span class='ocrx_word' id='word_1_128' title='bbox 360 2419 446 2482; x_wconf 90' lang='lat' dir='ltr'>tium</span> <span class='ocrx_word' id='word_1_129' title='bbox 462 2440 588 2502; x_wconf 85' lang='lat' dir='ltr'>poenae,</span> <span class='ocrx_word' id='word_1_130' title='bbox 604 2427 744 2502; x_wconf 86' lang='lat' dir='ltr'>quantae</span> <span class='ocrx_word' id='word_1_131' title='bbox 754 2418 931 2500; x_wconf 88' lang='lat' dir='ltr'>religionis</span> <span class='ocrx_word' id='word_1_132' title='bbox 941 2425 1179 2500; x_wconf 88' lang='lat' dir='ltr'>apostatarum</span> <span class='ocrx_word' id='word_1_133' title='bbox 1189 2419 1311 2497; x_wconf 88' lang='lat' dir='ltr'>ruinae,</span> 
     </span>
     <span class='ocr_line' id='line_1_21' title="bbox 360 2519 1358 2601; baseline 0.003 -20"><span class='ocrx_word' id='word_1_134' title='bbox 360 2526 501 2600; x_wconf 87' lang='lat' dir='ltr'>quantae</span> <span class='ocrx_word' id='word_1_135' title='bbox 544 2519 869 2601; x_wconf 90' lang='lat' dir='ltr'>gloriosissimorum</span> <span class='ocrx_word' id='word_1_136' title='bbox 913 2526 1104 2601; x_wconf 89' lang='lat' dir='ltr'>martyrum</span> <span class='ocrx_word' id='word_1_137' title='bbox 1146 2539 1284 2583; x_wconf 84' lang='lat' dir='ltr'>coronae</span> <span class='ocrx_word' id='word_1_138' title='bbox 1301 2537 1358 2600; x_wconf 77' lang='lat'>32⁰</span> 
     </span>
     <span class='ocr_line' id='line_1_22' title="bbox 361 2617 1311 2703; baseline 0.002 -22"><span class='ocrx_word' id='word_1_139' title='bbox 361 2619 484 2700; x_wconf 87' lang='lat' dir='ltr'>quanti</span> <span class='ocrx_word' id='word_1_140' title='bbox 516 2627 773 2703; x_wconf 88' lang='lat' dir='ltr'>persecutorum</span> <span class='ocrx_word' id='word_1_141' title='bbox 809 2618 919 2682; x_wconf 89' lang='lat' dir='ltr'>rabidi</span> <span class='ocrx_word' id='word_1_142' title='bbox 948 2617 1093 2695; x_wconf 88' lang='lat' dir='ltr'>furores,</span> <span class='ocrx_word' id='word_1_143' title='bbox 1122 2627 1263 2700; x_wconf 87' lang='lat' dir='ltr'>quantae</span> <span class='ocrx_word' id='word_1_144' title='bbox 1292 2640 1311 2683; x_wconf 92' lang='lat' dir='ltr'>e</span> 
     </span>
     <span class='ocr_line' id='line_1_23' title="bbox 360 2718 1311 2801; baseline 0 -19"><span class='ocrx_word' id='word_1_145' title='bbox 360 2720 535 2784; x_wconf 87' lang='lat' dir='ltr'>contrario</span> <span class='ocrx_word' id='word_1_146' title='bbox 564 2728 763 2785; x_wconf 90' lang='lat' dir='ltr'>sanctorum</span> <span class='ocrx_word' id='word_1_147' title='bbox 792 2719 971 2801; x_wconf 84' lang='lat' dir='ltr'>patientiae</span> <span class='ocrx_word' id='word_1_148' title='bbox 1001 2718 1311 2795; x_wconf 70' lang='lat' dir='ltr'>fuere-Ecclesi-</span> 
     </span>
     <span class='ocr_line' id='line_1_24' title="bbox 360 2818 1311 2900; baseline 0.001 -19"><span class='ocrx_word' id='word_1_149' title='bbox 360 2819 471 2883; x_wconf 85' lang='lat' dir='ltr'>astica</span> <span class='ocrx_word' id='word_1_150' title='bbox 511 2819 671 2884; x_wconf 87' lang='lat' dir='ltr'>Historia</span> <span class='ocrx_word' id='word_1_151' title='bbox 700 2827 841 2899; x_wconf 83' lang='lat' dir='ltr'>narrat3</span> <span class='ocrx_word' id='word_1_152' title='bbox 881 2819 931 2883; x_wconf 90' lang='lat' dir='ltr'>ita</span> <span class='ocrx_word' id='word_1_153' title='bbox 960 2824 1000 2880; x_wconf 92' lang='lat' dir='ltr'>ut</span> <span class='ocrx_word' id='word_1_154' title='bbox 1030 2818 1167 2900; x_wconf 90' lang='lat' dir='ltr'>agmine</span> <span class='ocrx_word' id='word_1_155' title='bbox 1204 2819 1311 2883; x_wconf 91' lang='lat' dir='ltr'>denso</span> 
     </span>
     <span class='ocr_line' id='line_1_25' title="bbox 360 2918 1311 3002; baseline 0.002 -22"><span class='ocrx_word' id='word_1_156' title='bbox 360 2919 529 2996; x_wconf 89' lang='lat' dir='ltr'>certatim,</span> <span class='ocrx_word' id='word_1_157' title='bbox 552 2920 681 2982; x_wconf 86' lang='lat' dir='ltr'>relictis</span> <span class='ocrx_word' id='word_1_158' title='bbox 700 2927 779 3002; x_wconf 88' lang='lat' dir='ltr'>post</span> <span class='ocrx_word' id='word_1_159' title='bbox 801 2925 938 2997; x_wconf 91' lang='lat' dir='ltr'>tergum</span> <span class='ocrx_word' id='word_1_160' title='bbox 961 2918 1192 2980; x_wconf 89' lang='lat' dir='ltr'>mundialibus</span> <span class='ocrx_word' id='word_1_161' title='bbox 1216 2926 1311 2983; x_wconf 89' lang='lat' dir='ltr'>tene-</span> 
     </span>
     <span class='ocr_line' id='line_1_26' title="bbox 360 3017 1358 3100; baseline 0.007 -22"><span class='ocrx_word' id='word_1_162' title='bbox 360 3017 443 3094; x_wconf 78' lang='lat' dir='ltr'>bris,</span> <span class='ocrx_word' id='word_1_163' title='bbox 473 3018 517 3080; x_wconf 91' lang='lat' dir='ltr'>ad</span> <span class='ocrx_word' id='word_1_164' title='bbox 540 3037 679 3081; x_wconf 89' lang='lat' dir='ltr'>amoena</span> <span class='ocrx_word' id='word_1_165' title='bbox 703 3017 870 3081; x_wconf 90' lang='lat' dir='ltr'>coelorum</span> <span class='ocrx_word' id='word_1_166' title='bbox 895 3035 1014 3097; x_wconf 89' lang='lat' dir='ltr'>regna,</span> <span class='ocrx_word' id='word_1_167' title='bbox 1041 3017 1141 3098; x_wconf 92' lang='lat' dir='ltr'>quasi</span> <span class='ocrx_word' id='word_1_168' title='bbox 1164 3020 1208 3082; x_wconf 92' lang='lat' dir='ltr'>ad</span> <span class='ocrx_word' id='word_1_169' title='bbox 1231 3039 1312 3100; x_wconf 91' lang='lat' dir='ltr'>pro·</span> <span class='ocrx_word' id='word_1_170' title='bbox 1325 3039 1358 3085; x_wconf 78' lang='lat' dir='ltr'>ns</span> 
     </span>
     <span class='ocr_line' id='line_1_27' title="bbox 359 3114 1069 3198; baseline 0 -20"><span class='ocrx_word' id='word_1_171' title='bbox 359 3116 471 3198; x_wconf 92' lang='lat' dir='ltr'>priam</span> <span class='ocrx_word' id='word_1_172' title='bbox 487 3117 614 3194; x_wconf 89' lang='lat' dir='ltr'>sedem,</span> <span class='ocrx_word' id='word_1_173' title='bbox 628 3125 703 3182; x_wconf 90' lang='lat' dir='ltr'>tota</span> <span class='ocrx_word' id='word_1_174' title='bbox 718 3116 899 3180; x_wconf 87' lang='lat' dir='ltr'>festinaret</span> <span class='ocrx_word' id='word_1_175' title='bbox 912 3114 1069 3179; x_wconf 90' lang='lat' dir='ltr'>ecclesia.</span> 
     </span>
    </p>
   </div>
   <div class='ocr_carea' id='block_1_3' title="bbox 358 3337 1314 4176">
    <p class='ocr_par' dir='ltr' id='par_1_5' title="bbox 359 3337 1314 3474">
     <span class='ocr_line' id='line_1_28' title="bbox 395 3337 1314 3405; baseline 0.004 -17"><span class='ocrx_word' id='word_1_176' title='bbox 395 3337 404 3370; x_wconf 89' lang='lat'>¹</span> <span class='ocrx_word' id='word_1_177' title='bbox 422 3341 582 3403; x_wconf 75' lang='lat' dir='ltr'>Excedenta]</span> <span class='ocrx_word' id='word_1_178' title='bbox 600 3342 750 3405; x_wconf 81' lang='lat' dir='ltr'>Excidente,</span> <span class='ocrx_word' id='word_1_179' title='bbox 772 3341 818 3403; x_wconf 77' lang='lat' dir='ltr'>A.;</span> <span class='ocrx_word' id='word_1_180' title='bbox 883 3338 903 3370; x_wconf 87' lang='lat'>¹⁴</span> <span class='ocrx_word' id='word_1_181' title='bbox 919 3340 1090 3389; x_wconf 79' lang='lat' dir='ltr'>Ionocentibos</span> <span class='ocrx_word' id='word_1_182' title='bbox 1105 3341 1210 3404; x_wconf 68' lang='lat' dir='ltr'>coibas]</span> <span class='ocrx_word' id='word_1_183' title='bbox 1228 3342 1314 3392; x_wconf 84' lang='lat' dir='ltr'>Laicis</span> 
     </span>
     <span class='ocr_line' id='line_1_29' title="bbox 359 3409 1105 3474; baseline 0.001 -15"><span class='ocrx_word' id='word_1_184' title='bbox 359 3411 529 3474; x_wconf 64' lang='lat' dir='ltr'>praecellente,</span> <span class='ocrx_word' id='word_1_185' title='bbox 535 3412 610 3472; x_wconf 77' lang='lat' dir='ltr'>gloss.</span> <span class='ocrx_word' id='word_1_186' title='bbox 848 3411 975 3471; x_wconf 90' lang='lat' dir='ltr'>fidelibus,</span> <span class='ocrx_word' id='word_1_187' title='bbox 985 3409 1019 3458; x_wconf 77' lang='lat' dir='ltr'>A.</span> <span class='ocrx_word' id='word_1_188' title='bbox 1030 3412 1105 3472; x_wconf 79' lang='lat' dir='ltr'>gloss.</span> 
     </span>
    </p>

    <p class='ocr_par' dir='ltr' id='par_1_6' title="bbox 359 3477 1313 3752">
     <span class='ocr_line' id='line_1_30' title="bbox 394 3477 1313 3545; baseline 0 -15"><span class='ocrx_word' id='word_1_189' title='bbox 394 3479 405 3511; x_wconf 79' lang='lat'>¹</span> <span class='ocrx_word' id='word_1_190' title='bbox 422 3480 823 3545; x_wconf 81' lang='lat' dir='ltr'>Sommo.]Novissimo,A.glosa.</span> <span class='ocrx_word' id='word_1_191' title='bbox 885 3477 904 3509; x_wconf 76' lang='lat'>¹¹</span> <span class='ocrx_word' id='word_1_192' title='bbox 920 3480 1082 3543; x_wconf 71' lang='lat' dir='ltr'>Provinciis]</span> <span class='ocrx_word' id='word_1_193' title='bbox 1107 3481 1250 3530; x_wconf 74' lang='lat' dir='ltr'>Provinciae</span> <span class='ocrx_word' id='word_1_194' title='bbox 1277 3482 1313 3530; x_wconf 92' lang='lat' dir='ltr'>lo-</span> 
     </span>
     <span class='ocr_line' id='line_1_31' title="bbox 361 3550 1205 3613; baseline -0.001 -13"><span class='ocrx_word' id='word_1_195' title='bbox 361 3550 454 3613; x_wconf 86' lang='lat' dir='ltr'>Usher,</span> <span class='ocrx_word' id='word_1_196' title='bbox 462 3552 487 3599; x_wconf 95' lang='lat' dir='ltr'>in</span> <span class='ocrx_word' id='word_1_197' title='bbox 494 3550 534 3599; x_wconf 93' lang='lat' dir='ltr'>his</span> <span class='ocrx_word' id='word_1_198' title='bbox 543 3551 668 3600; x_wconf 89' lang='lat' dir='ltr'>Primord.</span> <span class='ocrx_word' id='word_1_199' title='bbox 678 3568 703 3612; x_wconf 90' lang='lat' dir='ltr'>p.</span> <span class='ocrx_word' id='word_1_200' title='bbox 717 3557 741 3613; x_wconf 83' lang='lat'>3,</span> <span class='ocrx_word' id='word_1_201' title='bbox 749 3552 824 3600; x_wconf 86' lang='lat' dir='ltr'>when</span> <span class='ocrx_word' id='word_1_202' title='bbox 849 3552 895 3611; x_wconf 89' lang='lat' dir='ltr'>cis,</span> <span class='ocrx_word' id='word_1_203' title='bbox 911 3550 941 3599; x_wconf 91' lang='lat' dir='ltr'>V.</span> <span class='ocrx_word' id='word_1_204' title='bbox 953 3552 982 3599; x_wconf 83' lang='lat' dir='ltr'>J.</span> <span class='ocrx_word' id='word_1_205' title='bbox 994 3567 1000 3610; x_wconf 90' lang='lat'>;</span> <span class='ocrx_word' id='word_1_206' title='bbox 1012 3552 1159 3612; x_wconf 87' lang='lat' dir='ltr'>provineiae,</span> <span class='ocrx_word' id='word_1_207' title='bbox 1171 3551 1205 3600; x_wconf 90' lang='lat' dir='ltr'>B.</span> 
     </span>
     <span class='ocr_line' id='line_1_32' title="bbox 359 3615 1312 3685; baseline 0.001 -16"><span class='ocrx_word' id='word_1_208' title='bbox 359 3622 464 3682; x_wconf 86' lang='lat' dir='ltr'>quoting</span> <span class='ocrx_word' id='word_1_209' title='bbox 471 3621 522 3668; x_wconf 91' lang='lat' dir='ltr'>this</span> <span class='ocrx_word' id='word_1_210' title='bbox 529 3634 647 3683; x_wconf 87' lang='lat' dir='ltr'>passage,</span> <span class='ocrx_word' id='word_1_211' title='bbox 658 3621 736 3671; x_wconf 87' lang='lat' dir='ltr'>refers</span> <span class='ocrx_word' id='word_1_212' title='bbox 745 3627 770 3670; x_wconf 90' lang='lat' dir='ltr'>to</span> <span class='ocrx_word' id='word_1_213' title='bbox 782 3621 823 3669; x_wconf 84' lang='lat' dir='ltr'>the</span> <span class='ocrx_word' id='word_1_214' title='bbox 885 3615 905 3653; x_wconf 81' lang='lat'>¹⁷</span> <span class='ocrx_word' id='word_1_215' title='bbox 922 3620 1102 3685; x_wconf 61' lang='lat' dir='ltr'>Permansere]</span> <span class='ocrx_word' id='word_1_216' title='bbox 1120 3621 1154 3670; x_wconf 93' lang='grc' dir='ltr'>Β.</span> <span class='ocrx_word' id='word_1_217' title='bbox 1175 3621 1239 3669; x_wconf 82' lang='lat' dir='ltr'>adds</span> <span class='ocrx_word' id='word_1_218' title='bbox 1261 3621 1312 3670; x_wconf 86' lang='lat' dir='ltr'>this</span> 
     </span>
     <span class='ocr_line' id='line_1_33' title="bbox 359 3690 1312 3752; baseline 0.002 -14"><span class='ocrx_word' id='word_1_219' title='bbox 359 3690 824 3752; x_wconf 81' lang='lat' dir='ltr'>ChronicleofEusebiusforitsorigin.</span> <span class='ocrx_word' id='word_1_220' title='bbox 849 3690 919 3738; x_wconf 88' lang='lat' dir='ltr'>word</span> <span class='ocrx_word' id='word_1_221' title='bbox 933 3694 959 3738; x_wconf 93' lang='lat' dir='ltr'>to</span> <span class='ocrx_word' id='word_1_222' title='bbox 977 3690 1019 3739; x_wconf 84' lang='lat' dir='ltr'>the</span> <span class='ocrx_word' id='word_1_223' title='bbox 1041 3692 1092 3739; x_wconf 87' lang='lat' dir='ltr'>last</span> <span class='ocrx_word' id='word_1_224' title='bbox 1114 3695 1247 3752; x_wconf 88' lang='lat' dir='ltr'>sentence;</span> <span class='ocrx_word' id='word_1_225' title='bbox 1266 3706 1312 3741; x_wconf 86' lang='lat' dir='ltr'>om.</span> 
     </span>
    </p>

    <p class='ocr_par' dir='ltr' id='par_1_7' title="bbox 360 3756 1251 3892">
     <span class='ocr_line' id='line_1_34' title="bbox 395 3756 1251 3823; baseline 0.005 -17"><span class='ocrx_word' id='word_1_226' title='bbox 395 3756 511 3821; x_wconf 67' lang='grc' dir='ltr'>ΒΤιερίάε</span> <span class='ocrx_word' id='word_1_227' title='bbox 532 3764 642 3821; x_wconf 77' lang='lat' dir='ltr'>susceptu</span> <span class='ocrx_word' id='word_1_228' title='bbox 668 3762 747 3823; x_wconf 69' lang='lat' dir='ltr'>sana]</span> <span class='ocrx_word' id='word_1_229' title='bbox 776 3761 823 3808; x_wconf 82' lang='lat' dir='ltr'>See</span> <span class='ocrx_word' id='word_1_230' title='bbox 854 3760 884 3809; x_wconf 88' lang='lat' dir='ltr'>V.</span> <span class='ocrx_word' id='word_1_231' title='bbox 1247 3782 1251 3787; x_wconf 91' lang='lat'><strong>·</strong></span> 
     </span>
     <span class='ocr_line' id='line_1_35' title="bbox 360 3824 1205 3892; baseline 0.005 -16"><span class='ocrx_word' id='word_1_232' title='bbox 360 3828 465 3877; x_wconf 87' lang='lat' dir='ltr'>Usher’s</span> <span class='ocrx_word' id='word_1_233' title='bbox 477 3829 629 3890; x_wconf 88' lang='lat' dir='ltr'>Primordia,</span> <span class='ocrx_word' id='word_1_234' title='bbox 641 3843 685 3890; x_wconf 91' lang='lat' dir='ltr'>pp.</span> <span class='ocrx_word' id='word_1_235' title='bbox 698 3834 739 3892; x_wconf 83' lang='lat'>51,</span> <span class='ocrx_word' id='word_1_236' title='bbox 751 3834 791 3878; x_wconf 76' lang='lat'>52.</span> <span class='ocrx_word' id='word_1_237' title='bbox 885 3824 905 3857; x_wconf 80' lang='lat'>¹⁹</span> <span class='ocrx_word' id='word_1_238' title='bbox 922 3829 1082 3892; x_wconf 60' lang='lat' dir='ltr'>Religionis]</span> <span class='ocrx_word' id='word_1_239' title='bbox 1103 3831 1157 3879; x_wconf 85' lang='lat' dir='ltr'>Om.</span> <span class='ocrx_word' id='word_1_240' title='bbox 1175 3830 1205 3880; x_wconf 88' lang='lat' dir='ltr'>V.</span> 
     </span>
    </p>

    <p class='ocr_par' dir='ltr' id='par_1_8' title="bbox 358 3895 1314 4176">
     <span class='ocr_line' id='line_1_36' title="bbox 395 3895 1253 3962; baseline 0.006 -16"><span class='ocrx_word' id='word_1_241' title='bbox 395 3896 415 3928; x_wconf 90' lang='lat'>¹⁰</span> <span class='ocrx_word' id='word_1_242' title='bbox 431 3897 649 3961; x_wconf 59' lang='lat' dir='ltr'>Persecutorum]</span> <span class='ocrx_word' id='word_1_243' title='bbox 673 3899 735 3947; x_wconf 88' lang='lat' dir='ltr'>This</span> <span class='ocrx_word' id='word_1_244' title='bbox 765 3915 824 3961; x_wconf 86' lang='lat' dir='ltr'>pas·</span> <span class='ocrx_word' id='word_1_245' title='bbox 885 3895 903 3927; x_wconf 82' lang='lat'>¹¹</span> <span class='ocrx_word' id='word_1_246' title='bbox 923 3899 1036 3961; x_wconf 67' lang='lat' dir='ltr'>Ructat]</span> <span class='ocrx_word' id='word_1_247' title='bbox 1058 3901 1088 3949; x_wconf 94' lang='lat' dir='ltr'>V.</span> <span class='ocrx_word' id='word_1_248' title='bbox 1099 3916 1105 3960; x_wconf 91' lang='lat'>;</span> <span class='ocrx_word' id='word_1_249' title='bbox 1117 3899 1253 3962; x_wconf 76' lang='lat' dir='ltr'>rapidi,A.</span> 
     </span>
     <span class='ocr_line' id='line_1_37' title="bbox 359 3965 1313 4034; baseline 0.002 -17"><span class='ocrx_word' id='word_1_250' title='bbox 359 3983 429 4030; x_wconf 81' lang='lat' dir='ltr'>sage,</span> <span class='ocrx_word' id='word_1_251' title='bbox 447 3969 582 4030; x_wconf 82' lang='lat' dir='ltr'>regarding</span> <span class='ocrx_word' id='word_1_252' title='bbox 600 3970 642 4017; x_wconf 89' lang='lat' dir='ltr'>the</span> <span class='ocrx_word' id='word_1_253' title='bbox 664 3971 822 4030; x_wconf 85' lang='lat' dir='ltr'>perseoution</span> <span class='ocrx_word' id='word_1_254' title='bbox 884 3965 904 3994; x_wconf 74' lang='lat'>²²</span> <span class='ocrx_word' id='word_1_255' title='bbox 920 3969 1094 4017; x_wconf 74' lang='lat' dir='ltr'>Ecclesiastico</span> <span class='ocrx_word' id='word_1_256' title='bbox 1122 3970 1259 4034; x_wconf 75' lang='lat' dir='ltr'>Historia]</span> <span class='ocrx_word' id='word_1_257' title='bbox 1278 3997 1313 4008; x_wconf 92' lang='lat'>-</span> 
     </span>
     <span class='ocr_line' id='line_1_38' title="bbox 358 4038 1314 4102; baseline 0.004 -16"><span class='ocrx_word' id='word_1_258' title='bbox 358 4040 440 4087; x_wconf 89' lang='lat' dir='ltr'>under</span> <span class='ocrx_word' id='word_1_259' title='bbox 459 4039 614 4101; x_wconf 86' lang='lat' dir='ltr'>Diocletian,</span> <span class='ocrx_word' id='word_1_260' title='bbox 627 4040 650 4088; x_wconf 87' lang='lat' dir='ltr'>is</span> <span class='ocrx_word' id='word_1_261' title='bbox 666 4041 823 4089; x_wconf 83' lang='lat' dir='ltr'>transcribed</span> <span class='ocrx_word' id='word_1_262' title='bbox 850 4038 969 4100; x_wconf 83' lang='lat' dir='ltr'>Namely,</span> <span class='ocrx_word' id='word_1_263' title='bbox 986 4039 1028 4088; x_wconf 89' lang='lat' dir='ltr'>the</span> <span class='ocrx_word' id='word_1_264' title='bbox 1039 4040 1198 4088; x_wconf 85' lang='lat' dir='ltr'>Translation</span> <span class='ocrx_word' id='word_1_265' title='bbox 1214 4043 1248 4102; x_wconf 88' lang='lat' dir='ltr'>by</span> <span class='ocrx_word' id='word_1_266' title='bbox 1261 4042 1314 4090; x_wconf 90' lang='lat' dir='ltr'>Ru·</span> 
     </span>
     <span class='ocr_line' id='line_1_39' title="bbox 358 4106 1314 4176; baseline 0.007 -22"><span class='ocrx_word' id='word_1_267' title='bbox 358 4106 393 4168; x_wconf 83' lang='lat' dir='ltr'>by</span> <span class='ocrx_word' id='word_1_268' title='bbox 405 4108 525 4168; x_wconf 82' lang='lat' dir='ltr'>Geoffrey</span> <span class='ocrx_word' id='word_1_269' title='bbox 536 4108 565 4156; x_wconf 82' lang='lat' dir='ltr'>of</span> <span class='ocrx_word' id='word_1_270' title='bbox 574 4109 723 4158; x_wconf 86' lang='lat' dir='ltr'>Moumouth</span> <span class='ocrx_word' id='word_1_271' title='bbox 741 4109 776 4176; x_wconf 88' lang='lat' dir='ltr'>(v.</span> <span class='ocrx_word' id='word_1_272' title='bbox 785 4107 822 4172; x_wconf 80' lang='lat'>5).</span> <span class='ocrx_word' id='word_1_273' title='bbox 849 4109 914 4156; x_wconf 86' lang='lat' dir='ltr'>finus</span> <span class='ocrx_word' id='word_1_274' title='bbox 934 4108 962 4156; x_wconf 86' lang='lat' dir='ltr'>of</span> <span class='ocrx_word' id='word_1_275' title='bbox 978 4109 1021 4158; x_wconf 88' lang='lat' dir='ltr'>the</span> <span class='ocrx_word' id='word_1_276' title='bbox 1041 4111 1232 4159; x_wconf 83' lang='lat' dir='ltr'>Ecclesiastical</span> <span class='ocrx_word' id='word_1_277' title='bbox 1252 4111 1314 4161; x_wconf 80' lang='lat' dir='ltr'>His-</span> 
     </span>
    </p>
   </div>
   <div class='ocr_carea' id='block_1_4' title="bbox 359 4177 1270 4293">
    <p class='ocr_par' dir='ltr' id='par_1_9' title="bbox 359 4177 1270 4293">
     <span class='ocr_line' id='line_1_40' title="bbox 359 4177 1270 4293; baseline 0.007 -69"><span class='ocrx_word' id='word_1_278' title='bbox 359 4177 408 4293; x_wconf 58' lang='grc' dir='ltr'>ῗξῧ</span> <span class='ocrx_word' id='word_1_279' title='bbox 430 4178 523 4238; x_wconf 89' lang='lat' dir='ltr'>Usher,</span> <span class='ocrx_word' id='word_1_280' title='bbox 547 4178 673 4227; x_wconf 88' lang='lat' dir='ltr'>Primord.</span> <span class='ocrx_word' id='word_1_281' title='bbox 697 4196 741 4242; x_wconf 89' lang='lat' dir='ltr'>pp.</span> <span class='ocrx_word' id='word_1_282' title='bbox 765 4184 823 4241; x_wconf 85' lang='grc'><strong>147,</strong></span> <span class='ocrx_word' id='word_1_283' title='bbox 849 4179 945 4239; x_wconf 82' lang='lat' dir='ltr'>toryof</span> <span class='ocrx_word' id='word_1_284' title='bbox 954 4179 1082 4229; x_wconf 80' lang='lat' dir='ltr'>Eusebius</span> <span class='ocrx_word' id='word_1_285' title='bbox 1095 4179 1270 4230; x_wconf 74' lang='lat' dir='ltr'>Caesariensis.</span> 
     </span>
    </p>
   </div>
   <div class='ocr_carea' id='block_1_5' title="bbox 0 0 1512 5046">
    <p class='ocr_par' dir='ltr' id='par_1_10' title="bbox 0 0 1512 5046">
     <span class='ocr_line' id='line_1_41' title="bbox 0 0 1512 5046; baseline 0 0"><span class='ocrx_word' id='word_1_286' title='bbox 0 0 1512 5046; x_wconf 95' lang='lat' dir='ltr'> </span> 
     </span>
    </p>
   </div>
  </div>
 </body>
</html>
