3014 5046
365 433 409 494 64
681 449 852 496 nrrsronx
877 448 1006 495 cinon.

365 605 494 669 tionem
517 605 684 669 exercetis
707 605 744 667 in
766 606 886 686 inopes
909 624 1013 685 super
1034 611 1174 681 terram,
1193 605 1253 686 qui
1266 604 1322 668 di-

366 706 455 782 citis,
478 707 616 788 quando
639 705 799 768 transibit
821 705 947 766 mensis
971 710 1011 766 ut
1033 704 1263 784 acquiramus
1284 713 1320 768 et

365 806 511 868 sabbata
525 806 773 887 utaperiamus
795 804 986 867 thesauros,
1039 804 1086 865 Et
1100 811 1180 885 post
1194 823 1318 886 pauca,

365 903 388 967 J
391 912 469 968 urat
484 904 655 968 Dominus
678 912 799 967 contra
822 903 1017 985 superbiam
1032 901 1157 980 Jacob,
1180 905 1210 966 si
1231 905 1317 968 obli-

363 1004 515 1069 viscetur
552 1006 587 1066 in
626 1004 857 1067 contemtione
901 1021 1006 1084 opera
1044 1010 1171 1079 vestra,
1209 1011 1245 1067 et
1280 1004 1317 1067 in
1346 1018 1360 1062 5

364 1102 417 1165 his
449 1124 518 1167 non
550 1103 811 1167 conturbabitur
840 1109 944 1177 terra,
974 1109 1009 1165 et
1036 1101 1170 1183 lugebit
1203 1104 1316 1166 omnis

365 1203 424 1283 qui
454 1203 722 1268 commorabitur
749 1204 787 1265 in
810 1221 862 1278 ea,
886 1207 920 1264 et
946 1202 1108 1264 ascendet
1130 1202 1220 1265 sicut
1250 1202 1319 1264 flu-

364 1321 443 1364 men
484 1302 745 1377 consummatiO,
791 1308 825 1364 et
861 1308 1061 1364 convertam
1098 1300 1171 1363 dies
1207 1300 1315 1365 festos

364 1409 497 1465 vestros
521 1403 557 1464 in
570 1402 713 1477 luctum,
737 1409 771 1463 et
786 1400 939 1484 injiciam
962 1402 998 1463 in
1011 1419 1146 1462 omnem
1161 1399 1316 1464 lumbum

363 1500 523 1577 cilicium,
546 1508 581 1564 et
603 1502 640 1563 in
663 1520 762 1563 omne
777 1507 882 1581 caput
899 1500 1183 1577 decalvationem,
1202 1508 1238 1564 et
1253 1521 1317 1583 po·
1329 1512 1364 1559 ro

363 1619 443 1662 nam
472 1621 550 1664 eum
577 1600 667 1664 sicut
692 1600 823 1664 luctum
847 1599 975 1677 dilecti,
1003 1607 1038 1663 et
1061 1619 1132 1677 eoS,
1156 1601 1316 1680 quicum

362 1719 403 1762 eo
426 1709 519 1777 sunt,
540 1701 631 1764 sicut
654 1700 742 1762 diem
768 1700 938 1762 moeroris,
991 1699 1038 1762 Et
1063 1700 1199 1775 iterum,
1229 1699 1319 1763 Gla-

361 1799 419 1861 dio
441 1802 629 1864 morientur
651 1819 769 1864 omnes
792 1805 990 1880 peccatores
1012 1799 1131 1880 populi
1153 1799 1232 1876 mei,
1256 1801 1316 1882 qui

360 1899 492 1976 dicunt,
516 1900 598 1964 Non
613 1900 939 1982 appropinquabunt
962 1918 1072 1980 neque
1095 1899 1235 1963 venient
1257 1919 1315 1963 su-

360 2018 422 2080 per
435 2019 499 2062 nos
514 2001 617 2063 mala.
1329 2008 1359 2055 1⁵

201 2117 302 2176 rassae
412 2097 498 2179 554.
522 2099 589 2162 Sed
614 2105 648 2161 et
668 2105 809 2162 sanctus
833 2098 989 2161 Micheas
1013 2106 1110 2162 vates
1133 2099 1314 2177 attendite,

198 2167 253 2205 Μ
263 2167 341 2207 M¹⁰³¹¹'
360 2197 442 2276 quid
459 2199 504 2260 sit
519 2197 654 2272 effatus,
678 2195 782 2273 Audi,
806 2198 975 2278 inquiens„
995 2199 1117 2261 tribus
1170 2199 1216 2262 Et
1230 2200 1313 2281 quid

360 2297 543 2359 exornabit
565 2297 767 2358 civitatem?
791 2296 947 2376 nunquid
962 2296 1077 2377 ignis?
1131 2297 1178 2360 Et
1192 2297 1314 2362 domus

359 2394 555 2476 iniquorum
593 2395 828 2458 thesaurizans
867 2396 905 2458 in
942 2395 1123 2459 thesauros
1164 2397 1313 2479 iniquos,

359 2502 395 2558 et
435 2514 513 2559 cum
551 2495 679 2578 injuria
711 2495 928 2579 injustitiam.
994 2495 1032 2558 Si
1066 2496 1358 2579 justificabiturno

360 2594 396 2657 in
419 2603 550 2659 statera
571 2596 722 2677 iniquus
746 2603 781 2658 et
795 2596 832 2658 in
847 2594 994 2659 saccello
1008 2596 1161 2678 pondera
1181 2595 1312 2675 dolosa,

361 2714 406 2757 ex
438 2697 562 2777 quibus
595 2696 734 2761 divitias
771 2714 852 2759 suas
880 2697 917 2759 in
950 2696 1126 2777 impietate
1158 2696 1316 2777 repleve-

357 2802 452 2859 runt.

198 2913 299 2961 earnes
411 2895 498 2977 §bb
522 2894 589 2957 Sed
612 2903 647 2957 et
670 2894 863 2975 Sophonias
884 2893 1053 2976 propheta
1076 2895 1202 2973 claruS,
1226 2917 1312 2981 quas

195 2964 256 3052 lid.
266 2964 347 3013 zm*
359 2993 471 3056 minas
484 3000 686 3073 exaggerat,
702 2993 829 3056 audite.
882 2993 997 3074 Prope
1012 3001 1076 3068 est,
1099 2994 1223 3073 inquit,
1239 2998 1313 3068 dies
1323 3014 1357 3062 ss

359 3091 501 3153 Domini
533 3110 691 3171 magnus,
726 3111 832 3173 prope
861 3099 896 3154 et
930 3091 1034 3155 velox
1061 3090 1174 3154 valde.
1227 3095 1313 3161 Vox

358 3190 426 3253 diei
440 3189 582 3255 Domini
601 3209 719 3253 amara
741 3191 932 3254 constituta
950 3199 1003 3255 est
1025 3198 1061 3253 et
1078 3197 1214 3272 potens,
1238 3195 1311 3260 dies

358 3291 419 3352 irae
449 3290 521 3353 dies
550 3289 622 3367 illa,
652 3291 725 3353 dies
754 3292 986 3354 tribulationis
1014 3299 1050 3354 et
1082 3292 1311 3370 necessitatis,

359 3389 432 3453 dies
454 3391 555 3453 nubis
569 3398 605 3454 et
618 3392 766 3468 nebulae,
789 3391 862 3454 dies
884 3392 976 3454 tubae
1000 3398 1036 3453 et
1048 3390 1219 3469 clamoris,
1237 3394 1310 3459 dies

359 3492 505 3554 miseriae
536 3498 571 3554 et
599 3491 907 3567 exterminationis,
932 3491 1005 3554 dies
1031 3493 1249 3555 tenebrarum
1275 3503 1355 3564 etse

359 3591 517 3672 caliginis
539 3611 643 3672 super
665 3592 822 3655 civitates
846 3590 961 3653 firmas
984 3598 1019 3654 et
1041 3611 1145 3673 super
1163 3593 1310 3673 angulos

358 3691 525 3753 excelsos.
579 3689 626 3752 Et
663 3690 901 3753 contribulabo
936 3689 1103 3767 homineS,
1138 3699 1173 3754 et
1210 3692 1310 3757 ibunt

358 3789 447 3851 sicut
460 3788 554 3864 coeci,
570 3789 652 3868 quia
663 3787 813 3852 Domino
828 3797 1070 3871 peccaverunt,
1087 3797 1122 3853 et
1137 3790 1309 3854 effundam

357 3889 560 3969 sanguinem
577 3889 666 3952 sicut
688 3889 876 3971 pulverem,
900 3897 935 3953 et
949 3909 1070 3953 carnes
1087 3909 1205 3954 eorum
1219 3892 1310 3957 sicut

393 4138 412 4169 ¹⁶
428 4142 662 4204 Micheao.]vi.10.
879 4141 899 4174 ³²
916 4146 952 4192 Et
971 4147 1135 4196 contribulabo
1156 4183 1204 4197 ...
1224 4147 1309 4196 Domi·

390 4206 410 4235 ²⁴
427 4211 581 4274 Sophoclea]
593 4213 611 4262 i.
624 4217 663 4262 14.
844 4214 892 4278 ni]
914 4216 968 4265 Om.
986 4217 1017 4265 V.
