3014 5046
342 457 386 521 58
655 471 827 520 urrsroun
849 472 980 521 omnm.

343 640 470 695 nerunt
492 631 528 694 in
552 651 607 694 me
631 639 747 713 patres
763 631 870 695 vestri
890 628 1096 711 iniquitatis,
1117 629 1177 710 qui
1199 629 1295 694 elon·

343 733 418 813 gati
440 738 521 794 sunt
542 751 564 794 a
586 751 653 808 me,
668 739 703 794 et
718 731 982 795 ambulaverunt
998 737 1078 811 post
1093 731 1295 809 vanitatem,

344 839 378 895 et
394 832 475 895 vani
500 830 584 893 facti
606 838 700 906 sunt,
723 838 758 894 et
781 849 851 892 non
871 829 1046 906 dixerunt,
1071 830 1130 893 ubi
1156 838 1210 894 est
1234 831 1296 913 qui

343 931 528 994 ascendere
552 949 615 994 nos
638 930 719 993 fecit
745 929 787 992 de
809 936 901 992 terra
920 929 1092 1012 AEgyptil
1145 928 1193 993 Et
1214 938 1296 1011 post

343 1049 467 1112 pauca,
482 1028 515 1093 A
529 1029 644 1094 seculo
667 1028 867 1109 confregisti
875 1028 1001 1112 jugum
1022 1048 1148 1105 meum,
1170 1031 1296 1110 rupisti
1323 1042 1338 1089 a

343 1131 483 1194 vincula
497 1149 586 1206 mea,
601 1129 733 1206 dixisti,
749 1149 819 1193 non
833 1129 993 1193 serviam.
1046 1127 1122 1210 Ego
1137 1129 1296 1210 plantavi

344 1237 379 1293 tc
392 1230 528 1294 vineam
543 1231 698 1307 electam,
714 1248 814 1292 omne
828 1248 944 1291 semen
961 1248 1098 1306 verum;
1122 1229 1295 1310 quomodo

344 1349 427 1409 ergo
449 1348 616 1393 conversa
643 1348 680 1393 es
703 1329 739 1391 in
767 1347 913 1410 pravum
937 1329 1040 1392 vinea
1068 1329 1204 1392 alienat
1257 1329 1295 1393 Si

343 1428 470 1493 laveris
485 1436 520 1492 te
535 1429 626 1493 nitro
641 1436 677 1492 et
689 1427 972 1509 multiplicaveris
987 1428 1051 1491 tibi
1069 1427 1210 1492 herbam
1231 1429 1294 1492 bo·

344 1527 424 1604 rith,
440 1529 613 1592 maculata
636 1548 673 1592 es
695 1528 878 1608 iniquitate
900 1535 961 1590 tua
983 1547 1098 1591 coram
1121 1548 1187 1605 me,
1211 1528 1295 1592 dicit
1307 1546 1339 1592 io

345 1627 528 1691 Dominus
581 1629 628 1691 Et
646 1627 749 1704 infra,
774 1626 868 1704 Quid
881 1627 987 1691 vultis
1009 1647 1142 1690 mecum
1161 1627 1295 1711 judicio

343 1727 573 1791 contenderet
607 1727 736 1791 Omnes
750 1746 805 1789 me
821 1726 1063 1807 dereliquistis,
1078 1727 1162 1791 dicit
1172 1727 1294 1791 Domi-

343 1847 420 1890 nus.
474 1828 621 1891 Frustra
634 1827 788 1909 percussi
806 1826 894 1889 filios
909 1833 1055 1904 vestros,
1077 1827 1294 1909 disciplinam

343 1946 414 1990 non
438 1934 652 2009 receperunt.
704 1924 834 1989 Audite
847 1927 989 1989 verbum
1012 1926 1166 2003 Domini,
1191 1926 1293 1992 Nun·

343 2027 426 2107 quid
450 2027 600 2090 solitudo
623 2026 735 2088 factus
758 2044 834 2088 sum
857 2024 980 2102 Israel,
1003 2034 1064 2090 aut
1084 2033 1177 2089 terra
1199 2041 1338 2090 sero-15

344 2127 443 2188 tinal
496 2125 614 2203 Quare
638 2144 720 2205 crgo
746 2124 837 2205 dixit
850 2125 999 2206 populus
1021 2144 1129 2202 meus,
1148 2127 1291 2190 recessi-

343 2243 431 2300 mus,
447 2244 517 2287 non
529 2225 707 2288 veniemus
721 2223 813 2286 ultra
833 2224 877 2286 ad
900 2227 961 2287 tet
1016 2224 1183 2306 Nunquid
1207 2226 1294 2290 obli-

343 2324 494 2387 viscetur
507 2324 606 2404 virgo
628 2323 823 2386 ornamenti
847 2323 913 2399 sui,
941 2331 1002 2387 aut
1024 2343 1154 2406 sponsa
1176 2324 1294 2389 fasciae

342 2423 527 2504 pectoralis
551 2423 628 2485 suil
681 2421 837 2504 Populus
859 2443 942 2486 vero
971 2444 1068 2487 meus
1091 2425 1218 2488 oblitus
1240 2431 1295 2489 est

341 2542 396 2585 me
411 2522 530 2586 diebus
554 2522 754 2586 innumeris.
808 2522 901 2600 Quia
919 2523 1046 2587 stultus
1070 2531 1123 2587 est
1145 2524 1338 2606 populusne

342 2641 449 2698 meus,
464 2642 518 2685 me
542 2643 612 2685 non
636 2623 820 2703 cognovit3
845 2622 906 2685 filii
924 2623 1126 2704 insipientes
1142 2631 1236 2702 sunt,
1258 2631 1318 2711 etv

341 2722 524 2802 vecordes3
560 2723 735 2803 sapientes
759 2727 842 2785 sunt
864 2730 905 2789 ut
927 2721 1058 2786 faciant
1080 2723 1183 2800 mala,
1207 2725 1293 2787 bene

323 2851 326 2854 >
341 2829 457 2885 autem
470 2821 584 2886 facere
598 2822 804 2884 nescierunt.

393 2920 478 3003 §aa
502 2921 592 2983 Tum
620 2918 797 3000 Propheta
817 2939 863 2983 ex
884 2937 949 2984 sua
970 2938 1119 3000 persona
1140 2920 1296 3002 loquitur

341 3020 470 3095 dicens,
483 3019 644 3093 Domine,
659 3017 749 3080 oculi
761 3017 812 3079 tui
826 3017 1014 3099 respiciunt
1029 3017 1141 3093 fidem,
1153 3038 1294 3099 percus·
1306 3031 1339 3077 as

341 3118 418 3181 sisti
441 3136 500 3180 cos
521 3124 556 3180 et
573 3137 648 3180 ,non
669 3115 864 3191 doluerunt,
878 3116 1044 3179 attrivisti
1060 3135 1119 3179 eos
1143 3123 1178 3181 et
1192 3137 1295 3181 renu-

342 3224 444 3280 erunt
459 3217 613 3298 accipere
635 3214 863 3296 disciplinam.
917 3214 1174 3280 Induraverunt
1188 3216 1295 3282 facies

341 3334 423 3378 suas
436 3335 542 3398 supra
555 3323 701 3398 petram,
712 3322 748 3377 et
760 3315 946 3378 noluerunt
960 3315 1098 3379 reverti.
1136 3315 1295 3399 Itemque

342 3415 526 3492 DominuS,
549 3414 770 3480 Annunciate
794 3414 859 3477 hoc
882 3414 999 3478 domui
1024 3414 1148 3493 Jacob,
1174 3423 1209 3479 et
1232 3435 1294 3480 au·
1383 3482 1389 3494 ‚

342 3515 451 3578 ditum
489 3515 592 3579 sacite
623 3516 660 3579 in
691 3513 713 3577 J
716 3514 796 3590 uda,
834 3515 999 3592 dicentes,
1025 3513 1130 3592 Audi,
1167 3516 1340 3597 populoso

342 3617 461 3690 stulte,
476 3616 535 3697 qui
548 3635 618 3679 non
631 3614 737 3676 habes
751 3633 821 3691 cor,
838 3615 897 3696 qui
911 3615 1077 3677 habentes
1092 3615 1209 3678 oculos
1224 3636 1295 3680 non

342 3713 480 3788 videtis,
505 3720 540 3776 et
562 3732 662 3776 aures
685 3720 720 3775 et
748 3733 818 3776 non
841 3714 980 3778 auditis,
1034 3715 1094 3777 Me
1119 3734 1202 3795 ergo
1224 3735 1295 3779 non

343 3811 519 3888 timebitis,
533 3812 582 3876 ait
598 3812 781 3888 Dominus,
807 3820 841 3876 ct
857 3834 879 3877 a
899 3814 987 3877 facie
1010 3833 1087 3876 mea
1107 3834 1177 3877 non
1199 3814 1295 3880 dole·
1333 3891 1336 3897 ᾗ

343 3910 448 3975 bitisl
471 3912 530 3993 qui
544 3913 644 3994 posui
660 3931 800 3974 arenam
821 3914 1005 3976 terminum
1020 3914 1119 3991 mari,
1141 3933 1295 3997 praccep-

343 4018 416 4074 tum
431 4012 675 4094 sempiternum
684 4012 776 4093 quod
790 4033 860 4076 non
874 4013 1080 4095 praeteribit3
1097 4021 1132 4076 et
1145 4033 1295 4078 commo·
1309 4028 1340 4074 so

430 4239 440 4267 ⁴
451 4244 577 4306 AEgypti.]
595 4245 627 4292 In
644 4245 673 4294 V.
685 4244 728 4293 the
740 4247 851 4294 extracta
862 4245 925 4296 from
937 4246 1066 4296 Jeremiah
1078 4247 1138 4296 here
1149 4247 1208 4297 end.
