3014 5046
612 458 783 506 urrsrona
806 458 936 505 ornum.
1206 441 1251 504 93

348 612 432 698 §84
457 612 550 694 Quid
564 615 668 678 etiam
684 622 826 678 sanctus
844 613 934 679 Osee
949 614 1120 696 propheta
1135 635 1250 679 sacer·
1263 640 1341 686 noua,

297 713 436 779 dotibus
449 716 556 780 vestri
578 714 708 778 moduli
721 714 849 777 dixerit
862 715 1053 796 signanter,
1069 717 1249 781 attendite.

297 811 428 878 Audite
450 814 525 879 haec
547 813 742 878 sacerdotes
764 821 801 878 et
821 814 980 878 intendat
993 813 1115 878 domus
1140 814 1251 880 Israel

298 921 334 977 et
356 914 478 978 domus
501 916 606 996 regiS,
626 914 760 996 infigite
783 915 923 977 auribus
937 915 1074 991 vestris,
1088 915 1250 997 quoniam

268 1013 343 1077 aad
358 1034 421 1079 vos
442 1023 495 1079 est
512 1014 693 1099 judicium,
709 1015 791 1096 quia
813 1014 958 1095 laqueus
973 1013 1057 1077 facti
1073 1015 1157 1078 estis
1171 1034 1251 1096 spe-

298 1113 476 1190 culationi,
489 1122 525 1179 et
539 1113 636 1179 velut
656 1113 837 1177 reticulum
852 1121 1034 1178 extensum
1056 1134 1162 1196 super
1183 1116 1250 1178 ita-

298 1214 434 1277 burium
452 1214 544 1296 quod
567 1214 788 1296 indagatores
802 1214 997 1277 venationis
1019 1215 1249 1278 confixerunt.

350 1314 367 1398 §
382 1314 437 1378 85.
461 1313 572 1378 Vobis
584 1314 689 1376 etiam
704 1332 726 1375 a
740 1313 891 1377 Domino
911 1313 1075 1377 alienatio
1090 1313 1251 1399 hujusce·
1262 1335 1335 1381 amo..

299 1414 391 1477 modi
414 1414 615 1477 intendatur
632 1433 695 1495 per
714 1413 919 1495 prophetam
940 1411 1048 1478 Amos
1067 1406 1251 1491 dicentem,

254 1525 287 1570 ro
301 1511 391 1577 Odio
400 1513 505 1577 habui
516 1521 552 1577 et
564 1513 674 1595 repuli
691 1513 765 1575 dies
779 1512 887 1577 festos
901 1521 1048 1591 vestros,
1062 1522 1098 1578 et
1110 1535 1181 1578 non
1192 1534 1250 1578 ac-

264 1650 269 1700 J
300 1613 424 1696 cipiam
444 1614 584 1677 odorem
599 1614 636 1676 in
649 1612 848 1676 solennibus
871 1614 1157 1677 conventionibus
1173 1633 1251 1679 ves-

300 1713 375 1790 tris,
389 1714 472 1795 quia
486 1721 522 1778 et
536 1714 566 1776 si
580 1712 773 1777 obtuleritis
796 1711 1095 1777 holocaustomata
1112 1721 1148 1777 et
1170 1714 1251 1777 hos-

300 1812 367 1877 tias
384 1821 516 1877 vestras
536 1833 606 1877 non
626 1813 792 1893 accipiam
808 1831 861 1888 ea,
876 1820 911 1875 et
924 1812 1077 1876 salutare
1095 1813 1250 1877 declara-

300 1912 405 1978 tionis
416 1921 541 1978 vestrae
550 1933 621 1977 non
630 1913 807 1995 aspiciam.
845 1911 1012 1975 Transfer
1025 1930 1047 1975 a
1063 1933 1117 1976 me
1128 1932 1252 1976 sonum

256 2031 287 2079 rs
301 2014 500 2078 cantionum
523 2020 673 2090 tuarum,
698 2020 735 2076 et
762 2008 941 2095 psalmum¹
962 2032 1171 2094 organorum
1195 2021 1251 2077 tu··

301 2134 399 2177 orum
428 2134 498 2178 non
529 2113 678 2177 audiam.
732 2112 849 2176 Famis
888 2113 1015 2176 etenim
1048 2112 1256 2194 Evangelici

301 2214 368 2278 cibi
381 2214 496 2278 culina
510 2214 587 2298 ipsa
601 2221 728 2278 vestrae
743 2214 867 2276 animae
878 2213 1012 2276 viscera
1025 2212 1252 2276 excomedens

301 2321 481 2395 grassatur
508 2315 546 2377 in
573 2315 683 2391 vobiS,
719 2313 809 2376 sicut
836 2313 1054 2395 supradictus
1083 2312 1253 2395 propheta

300 2415 475 2495 praedixit,
497 2413 600 2490 Ecce,
623 2412 795 2494 inquiens,
815 2412 888 2474 dies
903 2413 1057 2487 veniunt,
1080 2412 1164 2475 dicit
1178 2413 1252 2476 Do-

255 2528 288 2574 ro
301 2514 426 2590 minus,
441 2521 477 2577 et
499 2515 654 2576 emittam
669 2511 795 2574 famem
816 2511 853 2573 in
875 2517 1014 2587 terram,
1035 2530 1106 2574 non
1127 2510 1253 2573 famem
1319 2543 1326 2557 ·

300 2614 412 2696 paniS,
427 2632 538 2694 neque
562 2612 655 2675 sitim
671 2629 784 2691 aquae,
800 2609 859 2672 sed
876 2609 1001 2672 samem
1023 2609 1058 2671 in
1081 2608 1253 2672 audiendo

299 2714 442 2778 verbum
460 2711 539 2788 Dei,
554 2718 590 2774 et
612 2710 843 2774 movebuntur
867 2727 967 2790 aquae
991 2728 1014 2771 a
1034 2709 1121 2771 mari
1144 2727 1254 2790 usque

301 2813 345 2875 ad
368 2832 475 2889 mare,
492 2819 527 2874 et
542 2812 586 2875 ab
602 2810 764 2893 aquilone
787 2827 897 2890 usque
921 2808 965 2871 ad
987 2807 1153 2872 orientem
1176 2828 1254 2890 per-

301 2920 440 2976 current
463 2919 658 2995 quaerentes
672 2909 815 2974 verbum
830 2908 983 2984 Domini,
1007 2916 1040 2971 et
1065 2927 1134 2971 non
1156 2909 1254 2973 inve·

254 3031 286 3076 25
302 3013 411 3076 nient.

353 3112 440 3197 586.
468 3112 622 3177 Auribus
647 3131 784 3195 quoque
810 3111 976 3194 percipite
1001 3116 1159 3173 sanctum
1185 3108 1255 3173 Mi·
1268 3131 1348 3179 uteru,

302 3212 432 3290 cheam,
448 3232 489 3275 ac
513 3213 540 3275 si
565 3211 741 3275 coelestem
757 3210 931 3293 quandam
947 3211 1065 3273 tubam
1088 3209 1255 3274 adversus

302 3312 464 3376 subdolos
479 3311 599 3393 populi
614 3311 785 3392 principes
804 3310 976 3373 concisius
998 3317 1254 3390 personantem.

301 3409 430 3475 Audite
454 3429 558 3486 nunc,
583 3410 754 3490 inquienS,
780 3409 953 3490 principes
984 3407 1106 3470 domus
1129 3407 1255 3484 Jacob,

256 3527 289 3572 ro
302 3532 416 3575 nonne
428 3510 527 3575 vobis
552 3516 605 3572 est
624 3515 664 3571 ut
679 3507 897 3589 cognoscatis
915 3505 1085 3590 judicium
1107 3505 1255 3568 odienti-

300 3613 365 3675 bus
390 3613 493 3687 bona,
523 3616 559 3673 et
584 3609 819 3690 quarentibus
851 3605 1015 3686 maligna,
1040 3605 1255 3687 rapientibus

301 3712 408 3792 pelles
423 3731 540 3775 eorum
567 3710 612 3773 ab
637 3708 698 3785 eie,
714 3715 750 3771 et
764 3725 886 3772 carnes
908 3725 1027 3769 eorum
1051 3706 1094 3769 ab
1118 3705 1255 3768 ossibus

336 4012 345 4045 ¹
360 4014 442 4077 Ocea]
460 4013 537 4074 Osee,
548 4029 573 4062 v.
586 4017 610 4062 1.
826 4006 846 4040 ¹³
858 4009 989 4058 Salutare.
1003 4042 1009 4056 .
1023 4007 1182 4070 ‚invenientq
1198 4009 1254 4060 Om.

336 4082 438 4146 ⁶Super
450 4119 457 4133 .
471 4119 477 4134 .
491 4118 497 4132 .
510 4075 685 4149 confixerunt]
707 4082 762 4130 Om.
795 4081 825 4129 V.

306 4155 336 4205 V.
826 4147 846 4178 ²⁶
857 4148 1000 4211 Micbeum.]
1014 4147 1094 4196 Mich.
1109 4146 1146 4196 iii.
1159 4150 1183 4209 l,
1191 4151 1236 4196 etc.
1249 4164 1256 4208 3

336 4221 453 4286 ⁹Amca]
465 4224 553 4286 Amos,
565 4239 589 4272 v.
598 4227 628 4271 21
640 4237 647 4281 ;
659 4221 712 4270 viii.
724 4225 762 4270 ll.
791 4221 836 4269 vii.
852 4222 874 4267 1.
