3014 5046
616 464 788 512 nrrsrocn
812 464 943 512 ernon.
1208 448 1252 512 79

297 621 382 686 licos
402 640 540 699 sensus,
557 629 597 686 ut
614 622 705 686 dixit
721 622 893 688 Dominus
912 622 1103 706 prophetae,
1121 622 1253 688 Exalta

297 723 399 804 quasi
420 723 506 787 tuba
527 742 648 788 vocem
672 731 782 802 tuam,
805 731 841 788 et
863 723 1053 788 Psalmista
1077 723 1120 786 de
1135 722 1251 806 Apos-

297 823 391 901 tolis,
419 823 464 887 In
485 843 621 888 omnem
644 828 771 888 terram
797 825 908 889 exivit
929 843 1035 887 sonus
1063 843 1194 900 eorum,
1217 831 1253 888 et

296 922 441 1005 lagenas
457 924 733 1006 splendidissimo
748 925 839 1007 ignis
856 925 984 988 lumine
1005 931 1112 989 noctu
1133 942 1252 988 corus·

268 1046 284 1090 5
298 1031 430 1101 cantes,
445 1044 523 1106 quae
537 1025 754 1108 accipiuntur
775 1025 812 1088 in
836 1032 1036 1090 sanctorum
1051 1025 1253 1107 corporibus

297 1125 397 1188 bonis
422 1126 582 1208 operibns
609 1124 767 1201 annexis,
796 1133 832 1190 et
860 1125 980 1189 Sancti
1006 1125 1155 1207 Spiritus
1179 1126 1253 1209 igni

299 1224 511 1303 ardentibus,
537 1233 577 1291 ut
596 1223 801 1308 Apostolus,
824 1224 1003 1303 habentcS,
1026 1225 1152 1307 inquit,
1176 1224 1252 1289 the·

298 1343 439 1389 saurum
454 1327 559 1391 istum
576 1327 613 1389 in
628 1326 721 1391 vasis
735 1326 1023 1410 fictilibus-post
1044 1325 1251 1390 idololatriae

298 1424 504 1509 luci—quod
517 1427 694 1491 moraliter
708 1428 986 1510 interpretatum,
1001 1432 1055 1490 est
1076 1426 1194 1489 densae
1216 1432 1253 1491 et

253 1544 286 1590 ro
298 1524 405 1590 fuscae
428 1528 640 1610 cupiditatis
656 1528 882 1592 succisionem
902 1528 1012 1605 silvae,
1029 1534 1065 1590 et
1078 1526 1252 1591 evidentia

298 1625 401 1708 signa
412 1627 436 1692 J
438 1628 552 1691 udaici
564 1628 703 1692 velleris
717 1628 836 1691 imbris
856 1628 1008 1691 coelestis
1028 1628 1193 1709 expertis,
1216 1634 1252 1690 et

298 1727 450 1807 gentilis,
472 1746 550 1790 rore
572 1726 693 1791 Sancti
709 1726 858 1809 Spiritus
881 1727 1077 1804 madefacti,
1092 1726 1159 1790 fide
1180 1745 1251 1790 non

298 1825 415 1904 dubia,
431 1833 471 1890 ut
485 1825 643 1902 Gedeon,
655 1827 849 1908 processit?

336 1926 420 2008 §71.
431 1926 519 2004 Quis
531 1945 649 1990 eorum
664 1925 752 1989 mori
763 1932 935 2008 exoptans
946 1926 1074 1990 mundo
1086 1932 1122 1989 et
1131 1925 1250 1989 vivere

254 2041 285 2087 ιε
300 2024 451 2105 Christo,
477 2027 675 2090 luxuriosos
699 2027 854 2108 gentium
881 2026 1047 2091 convivas
1068 2025 1253 2089 laudantes

300 2126 396 2190 Deos
413 2127 593 2205 suos,-id
608 2133 674 2204 est,
689 2146 812 2190 sensus
824 2126 1030 2190 extollentes
1045 2126 1197 2202 divitias,
1212 2132 1252 2189 ut
1353 2204 1358 2213 ³

299 2225 503 2309 Apostolus
533 2237 568 2293 et
596 2227 744 2291 avaritia
770 2228 895 2310 inquit,
924 2247 1003 2309 quae
1030 2234 1084 2291 est
1111 2226 1253 2291 simula-

300 2326 459 2392 chrorum
481 2329 863 2405 servitus—concussis
881 2327 1015 2391 duabus
1029 2328 1158 2392 virtute
1172 2327 1252 2391 bra-

300 2427 454 2492 chiorum
466 2428 770 2510 columnis—quae
784 2428 1026 2508 intelliguntur
1039 2427 1076 2490 in
1090 2428 1253 2509 volupta-

255 2539 288 2585 20
301 2528 393 2591 tibus
427 2548 576 2611 nequam
606 2528 732 2591 animae
758 2529 953 2609 carnisque,
978 2528 1103 2609 quibus
1131 2527 1252 2590 domus

301 2627 462 2692 humanae
486 2628 596 2691 omnis
622 2627 785 2709 nequitiae
811 2627 1063 2710 quodammodo
1088 2627 1254 2708 pangitur

301 2748 342 2792 ao
367 2729 755 2806 fulcimentatur,—tam
781 2727 1060 2805 innumerabiles
1073 2734 1113 2790 ut
1130 2726 1253 2809 Samp-

301 2848 377 2906 son,
410 2829 629 2911 prostravit?
682 2828 770 2906 Quis
808 2828 1034 2905 orationibus,
1071 2826 1254 2891 holocaus·
1292 2847 1296 2854 ·

302 2937 406 3011 toque
420 2929 583 2994 lactantis
601 2929 684 3011 agni
700 2928 962 2993 Philistinorum
984 2934 1114 2992 metum
1136 2928 1254 3010 depel-

256 3043 288 3089 25
301 3030 388 3107 lens,
421 3030 616 3113 insperatas
646 3031 878 3095 tonitruorum
906 3049 1010 3095 voces
1044 3029 1255 3110 nubiumque

301 3130 427 3194 imbres
450 3133 641 3209 concitans,
657 3133 788 3213 absque
810 3131 1009 3196 adulatione
1032 3149 1149 3212 regem
1171 3149 1255 3194 con·

303 3231 462 3309 stituenS,
488 3233 634 3296 eundem
658 3232 735 3295 Deo
761 3252 831 3295 non
854 3233 1047 3314 placentem
1074 3229 1253 3312 abjiciens,

303 3338 409 3395 uncto
438 3351 502 3412 pro
525 3332 586 3395 illo
615 3332 756 3394 meliore
783 3332 820 3394 in
849 3350 1006 3411 regnum,
1034 3337 1074 3392 ut
1104 3329 1255 3407 Samuel,

303 3430 537 3495 valedicturus
565 3428 707 3512 populo,
735 3430 875 3506 astabit,
901 3429 966 3492 hoc
994 3428 1097 3491 modo
1124 3428 1256 3506 dicens,

260 3547 292 3592 ao
304 3530 395 3596 Ecce
418 3536 547 3612 praesto
569 3549 658 3607 sum,
687 3529 867 3610 loquimini
896 3546 1012 3592 coram
1045 3527 1199 3591 Domino
1221 3535 1257 3591 et

306 3630 445 3695 Christo
471 3631 559 3714 ejuS,
587 3637 703 3693 utrum
730 3630 855 3694 bovem
876 3629 1083 3714 cujusquam
1107 3626 1256 3705 tulerim,

304 3750 350 3795 an
381 3731 528 3809 asinum,
558 3731 589 3794 si
618 3730 813 3813 quempiam
847 3730 1077 3795 calumniatus
1111 3747 1200 3806 sum,
1227 3728 1258 3792 si

305 3832 460 3915 oppressi
483 3833 644 3914 aliquem,
659 3831 689 3894 si
711 3829 754 3894 de
775 3851 881 3895 manu
905 3831 1111 3915 cujusquam
1132 3847 1257 3891 munus

344 4095 350 4124 ¹
364 4095 519 4168 Propheta]
539 4101 599 4150 Esa.
611 4101 675 4150 lviii.
688 4104 712 4149 l.
832 4094 902 4146 ‘'Est
912 4096 1013 4158 densa]
1032 4095 1181 4157 Condensae‚
1198 4095 1229 4145 V.

342 4165 353 4197 ⁹
365 4169 524 4233 Psalmistu.]
543 4171 614 4220 Psal.
626 4172 698 4220 xviii.
711 4175 736 4222 4.
831 4166 853 4198 '⁶
864 4161 978 4235 Regem]
999 4168 1054 4216 Om.
1067 4166 1101 4214 B.

342 4233 472 4304 ⁷Inquit.]
487 4246 502 4291 2
515 4242 627 4292 Corinth.
639 4242 693 4293 viii.
705 4245 730 4292 7.
832 4236 852 4270 ²⁹
865 4237 978 4300 Dicens]
992 4241 1004 4285 l
1018 4237 1086 4286 Sam.
1099 4235 1144 4286 xii.
1157 4239 1183 4286 3.
