3014 5046
530 454 702 503 nrrsronn
725 457 855 505 ninom.
1110 444 1176 508 109

220 614 381 679 voluntas
404 614 472 678 Dei
494 614 724 679 sanctificatio
747 623 876 692 vestra,
904 624 943 680 ut
969 617 1174 682 abstineatis

218 733 281 778 vos
296 733 317 777 a
332 714 571 792 fornicatione,
594 723 629 778 et
650 716 738 779 sciat
760 717 997 797 unusquisque
1020 726 1173 781 vestrum

218 833 282 878 vas
300 832 400 878 suum
422 815 598 897 possidere
623 815 660 877 in
679 816 809 878 honore
826 823 862 878 et
887 817 1173 896 sanctificatione,

218 932 288 976 non
316 915 353 977 in
380 915 541 996 passione
567 915 738 991 desiderii,
762 916 852 977 sicut
877 922 913 978 et
938 913 1070 979 Gentes
1094 938 1172 1000 qnae

186 1013 380 1094 ⁵ignorant
416 1015 541 1077 Deum.
611 1015 657 1077 Et
698 1034 741 1077 ne
778 1015 855 1095 quis
891 1017 1173 1097 supergrediatur

217 1132 328 1196 neque
362 1109 609 1177 circumveniat
643 1114 680 1176 in
712 1115 852 1195 negotio
887 1115 1028 1179 fratrem
1058 1135 1170 1194 suum,

217 1214 379 1294 quoniam
407 1214 535 1278 vindex
567 1220 621 1276 est
648 1214 819 1277 Dominus
849 1213 892 1277 de
920 1214 974 1276 his
1000 1216 1170 1280 omnibns

218 1311 301 1376 Non
328 1313 420 1376 enim
452 1314 592 1377 vocavit
620 1333 683 1377 nos
712 1314 809 1377 Deus
838 1314 874 1375 in
904 1314 1169 1393 immunditiam,
1226 1365 1229 1372 .

217 1411 276 1475 sed
291 1413 327 1476 in
342 1413 661 1477 sanctificationem.
716 1412 841 1495 ltaque
857 1415 917 1496 qui
933 1414 1007 1478 haec
1025 1417 1169 1497 spernit,

169 1522 202 1569 ro
216 1532 287 1576 non
316 1512 488 1577 hominem
517 1514 649 1594 spernit
677 1513 738 1576 sed
769 1514 894 1578 Deum.
947 1513 1036 1592 Quis
1064 1516 1169 1579 etiam

214 1619 368 1676 vestrum
382 1613 628 1694 circumspecte
642 1619 812 1695 cauteque
825 1613 1012 1678 custodivit
1026 1615 1060 1676 id
1076 1615 1168 1697 quod

214 1713 381 1794 sequitur,
412 1712 624 1779 Mortificate
654 1732 736 1793 ergo
765 1714 918 1776 membra
941 1720 1060 1777 vestra
1089 1733 1168 1796 quae

214 1819 296 1876 sunt
320 1820 584 1895 superterram,
607 1811 881 1888 fornicationem,
904 1812 1168 1892 immunditiam,

213 1910 400 1989 libidinem,
435 1920 471 1976 et
502 1912 817 1993 concupiscentiam
851 1911 989 1988 malam,
1027 1921 1169 1995 propter

169 2025 200 2071 15
214 2031 293 2095 quae
315 2014 412 2077 venit
432 2013 485 2076 ira
508 2013 576 2076 Dei
598 2013 635 2075 in
657 2012 747 2075 filios
769 2010 978 2076 diffidentiae.
1031 2012 1168 2077 Videtis

214 2112 305 2175 enim
327 2133 390 2195 pro
406 2114 503 2195 queis
526 2112 677 2196 peccatis
698 2112 751 2177 ira
764 2113 830 2176 Dei
846 2113 1062 2195 potissimum
1085 2133 1168 2177 con·

214 2220 346 2295 surgat.

266 2313 375 2396 5104.
399 2309 529 2376 Audite
551 2305 670 2395 itaque
692 2311 775 2395 quid
791 2310 833 2376 de
848 2310 946 2377 vobis
965 2313 1168 2396 prophetico
1180 2326 1287 2376 Timotha

214 2412 338 2493 spiritu
363 2420 505 2476 sanctus
528 2413 619 2474 idem
648 2410 839 2494 Apostolus
864 2414 1058 2494 vestrisque
1085 2434 1168 2477 con·

168 2527 201 2571 ao
213 2513 381 2576 similibus
401 2511 615 2593 praedixerit,
640 2511 684 2573 ad
704 2511 923 2574 Timotheum
940 2519 1060 2593 aperte
1083 2513 1167 2574 scri-

213 2613 308 2676 bens.
362 2610 443 2674 Hoc
480 2611 571 2673 enim
607 2611 742 2686 scitote,
777 2610 869 2690 quod
898 2611 935 2672 in
971 2611 1167 2673 novissimis

213 2712 333 2775 diebus
374 2710 555 2773 instabunt
592 2717 748 2790 tempora
783 2709 987 2791 periculosa.
1055 2709 1169 2773 Erunt

213 2813 304 2875 enim
326 2810 482 2874 homines
505 2811 709 2892 semetipsos
732 2815 900 2886 amanteS,
923 2807 1049 2889 cupidi,
1073 2808 1168 2887 elati,

213 2912 363 2993 superbi,
386 2910 590 2993 blasphemi,
617 2910 817 2993 parentibus
840 2908 1087 2985 inobedienter,
1113 2909 1166 2972 in·

167 3028 200 3073 25
214 3012 317 3092 grati,
340 3012 488 3088 scelesti,
512 3011 585 3073 sine
601 3010 793 3086 affcctione,
815 3009 1080 3085 incontinentes
1103 3009 1167 3071 im-

214 3111 327 3188 mites,
350 3112 425 3175 sine
449 3111 675 3192 benignitate,
695 3110 900 3192 proditores,
917 3109 1086 3192 protervi,
1110 3117 1167 3173 tu·

214 3210 308 3287 midi,
342 3213 560 3292 voluptatum
597 3216 769 3273 amatores
807 3211 918 3291 magis
956 3229 1060 3291 quam
1087 3210 1167 3287 Dei,

214 3309 379 3373 habentes
404 3309 541 3391 quidem
566 3310 715 3389 speciem
738 3309 890 3389 pietatis,
916 3310 1081 3373 virtutem
1105 3328 1167 3372 au·

214 3416 283 3471 tem
309 3408 385 3490 ejus
413 3409 636 3487 abnegantes
689 3406 736 3470 Et
762 3407 826 3469 hos
855 3407 983 3483 devita,
1013 3407 1103 3470 sicut
1132 3415 1168 3471 et

170 3521 202 3566 so
215 3507 392 3591 Propheta
417 3506 512 3582 dicit,
534 3505 638 3570 Odivi
666 3506 970 3587 congregationem
994 3505 1165 3587 maligno-

215 3628 303 3685 rum,
329 3615 364 3672 et
388 3628 467 3671 cum
491 3606 605 3687 impiis
630 3625 700 3668 non
729 3604 865 3668 sedebo.
918 3604 966 3668 Et
994 3611 1074 3686 post
1103 3605 1167 3667 ali·

215 3716 357 3789 quanta,
380 3707 472 3790 quod
496 3713 615 3769 nostro
638 3712 791 3787 tempore
806 3704 962 3769 videmus
983 3704 1166 3788 pullulare,

249 4007 259 4037 ⁵
275 4013 311 4058 Et
333 4025 362 4058 rte
381 4011 436 4072 puis
523 4006 676 4070 consurgat]
737 4002 759 4035 ³⁰
779 4002 922 4066 Propheta]
936 4002 1007 4050 Psal.
1019 4016 1080 4051 xxv.
1093 4006 1117 4051 5.

216 4082 270 4129 Om.
288 4081 317 4130 V.
736 4072 756 4104 ³¹
773 4076 809 4122 Et
828 4077 884 4137 post
976 4071 1074 4120 illorum
1087 4071 1163 4135 suia]

250 4148 269 4177 ¹²
285 4149 423 4213 Sequitur]
436 4148 533 4198 Coloss.
546 4148 582 4196 iii.
596 4152 619 4196 5.
704 4146 758 4194 Om.
775 4145 805 4195 V.
926 4153 930 4159 ·

247 4217 269 4249 ²⁰
287 4220 458 4282 Tinwtheum]
470 4219 558 4268 erim.
570 4219 673 4278 iii.1‚7.
