3014 5046
371 439 415 503 96
685 455 856 504 musroen
879 456 1011 504 cinos.

371 614 554 697 phetamm
587 615 751 697 priorum,
786 623 822 680 et
855 615 948 679 sacta
977 620 1031 678 est
1060 614 1113 677 ira
1142 630 1272 694 magna
1304 630 1327 675 a

373 715 523 779 Domino
546 717 794 798 omnipotente.
847 716 894 779 Et
915 716 1051 790 iterum,
1068 712 1243 792 Quoniam
1266 712 1326 794 qui

372 814 613 897 loquebantur,
636 816 744 879 locuti
766 822 849 879 sunt
870 815 1059 891 molestias,
1073 819 1108 877 et
1127 812 1236 876 divini
1249 812 1327 877 visa

372 912 473 991 falsa,
497 922 532 978 et
554 916 689 979 somnia
711 914 801 979 falsa
822 915 1064 997 loquebantur,
1078 921 1114 978 et
1130 930 1220 977 vana
1242 930 1325 975 con-

373 1015 596 1094 solabantur;
632 1022 774 1097 propter
805 1014 870 1078 hoc
901 1015 989 1078 aridi
1014 1013 1097 1077 facti
1122 1020 1205 1076 sunt
1235 1012 1326 1075 sicut
1354 1025 1370 1069 s

372 1133 468 1191 oves,
492 1122 528 1178 et
551 1113 668 1179 afflicti
693 1120 775 1178 sunt
799 1115 963 1197 quoniam
988 1134 1059 1178 non
1081 1118 1158 1176 erat
1178 1111 1325 1175 sanitas.

373 1214 485 1296 Super
499 1221 656 1296 pastores
672 1222 882 1279 exacervate
903 1221 957 1278 est
978 1211 1157 1277 iracundia
1178 1230 1267 1288 mea,
1290 1218 1326 1276 et

373 1333 477 1394 super
507 1333 617 1394 agnos
640 1313 802 1377 visitabo.
855 1314 902 1377 Et
919 1321 1000 1396 post
1019 1331 1143 1396 pauca,
1166 1309 1255 1376 Vox⁴
1273 1311 1326 1375 la-

372 1414 602 1477 mentantium
616 1412 807 1495 pastorum,
818 1415 899 1496 quia
914 1414 1040 1477 misera
1054 1412 1148 1476 facta
1162 1418 1216 1475 cst
1226 1429 1325 1492 mag·

372 1512 493 1575 nitudo
517 1532 647 1576 eorum.
699 1513 783 1577 Vox
819 1513 1030 1595 rugientium
1059 1513 1210 1589 leonum,
1238 1510 1325 1593 quo·¹
1338 1526 1373 1575 to

373 1614 466 1675 niam
489 1613 593 1676 miser
615 1612 728 1676 factus
749 1620 802 1677 est
826 1614 989 1699 decursus
1004 1613 1028 1677 J
1031 1612 1182 1677 ordanis.
1234 1610 1327 1674 Haec

372 1712 456 1776 dicit
479 1713 650 1776 Dominus
676 1713 905 1796 omnipotens,
929 1712 1000 1791 Qui
1018 1705 1248 1797 'possidebant
1269 1711 1325 1774 in·

373 1811 600 1890 terficiebant,
617 1820 652 1876 et
667 1832 737 1876 non
761 1814 925 1895 poenituit
948 1832 1027 1894 eos;
1051 1821 1098 1891 et,
1122 1812 1182 1894 qui
1197 1810 1324 1874 vende·

372 1913 458 1976 bant
472 1931 543 1990 eas,
560 1912 733 1990 dicebant,
750 1913 959 1977 Benedictus
976 1912 1158 1989 Dominus,
1174 1917 1209 1974 et
1223 1910 1325 1974 ditati

373 2032 504 2089 sumus,
519 2020 554 2077 et
570 2019 728 2094 pastores
751 2031 870 2075 earum
892 2012 978 2075 nihil
990 2014 1084 2094 passi
1101 2017 1183 2076 sunt
1204 2010 1241 2073 in
1262 2010 1324 2075 eis.
1339 2024 1371 2071 rs

373 2111 523 2194 Propter
536 2112 627 2193 quod
642 2131 712 2175 non
726 2130 866 2193 parcam
875 2112 952 2195 jam
967 2131 1071 2194 super
1090 2111 1326 2175 inhabitantes

372 2218 511 2288 terram,
527 2211 610 2274 dicit
628 2211 809 2275 Dominus,
1320 2228 1324 2233 ·

424 2310 512 2393 589.
525 2309 629 2388 *Quid
654 2316 824 2392 praeterea
851 2318 993 2375 sanctus
1021 2309 1216 2374 Malachiae
1244 2329 1328 2393 pro«

371 2408 478 2492 pheta
491 2411 590 2474 vobis
611 2410 882 2488 denunciaverit,
898 2411 1028 2488 audite,
1043 2409 1131 2487 Vos,
1151 2410 1325 2493 inquiens,

373 2510 569 2573 sacerdotes
584 2511 643 2592 qui
665 2511 828 2593 spernitis
844 2531 969 2575 nomen
984 2530 1109 2587 meum,
1124 2518 1160 2574 et
1174 2510 1324 2588 dixistis,
1337 2522 1373 2568 re

374 2608 418 2672 In
441 2630 510 2692 quo
533 2611 727 2693 spernimus
747 2631 872 2675 nomen
897 2613 1019 2674 tuuml
1073 2609 1265 2674 offerendo
1279 2610 1324 2675 ad

372 2710 483 2774 altare
505 2731 618 2774 meum
642 2729 750 2793 panes
765 2710 942 2799 ¹pollutos;
966 2718 1002 2774 et
1024 2710 1173 2787 dixistis,
1195 2710 1233 2773 in
1255 2729 1324 2792 quo

373 2810 558 2891 polluimus
574 2829 632 2874 eos
645 2812 659 2873 l
712 2810 757 2873 In
773 2830 814 2874 eo
830 2811 922 2892 quod
942 2809 1093 2887 dixistis,
1109 2810 1236 2873 Mensa
1250 2810 1325 2875 Do·

372 2909 457 2972 mini
471 2910 656 2993 pro'nihilo
671 2918 736 2986 est,
751 2917 787 2973 et
802 2929 881 2991 quac
897 2910 1116 2991 superposita
1131 2916 1213 2973 sunt
1227 2928 1325 2991 spre-

373 3009 492 3088 vistis3
517 3010 680 3091 quoniam
695 3010 725 3071 si
740 3009 920 3072 adducatis
936 3028 1065 3073 caecum
1080 3009 1124 3072 ad
1136 3009 1324 3087 victimam,
1336 3020 1372 3067 2⁵

373 3128 487 3172 nonne
509 3108 662 3171 maluml
716 3108 810 3171 Offer
829 3108 947 3191 itaque
961 3109 1046 3172 illud
1061 3109 1249 3192 praeposito
1264 3118 1325 3174 tuo

373 3207 403 3270 si
419 3208 584 3290 suscipiet
599 3207 697 3284 illud,
710 3207 740 3270 si
755 3208 901 3290 accipiet
915 3228 1099 3290 personam
1118 3217 1226 3287 tuam,
1241 3210 1325 3274 dicit

374 3308 544 3371 Dominus
569 3309 799 3390 omnipotens,
851 3309 899 3372 Et
920 3329 1013 3372 nunc
1034 3316 1176 3373 exorate
1201 3308 1325 3374 faciem

374 3407 441 3471 Dei
456 3408 575 3487 vestri,
590 3417 625 3473 et
637 3408 870 3490 deprecamini
891 3429 990 3488 eum3
1014 3409 1050 3471 in
1072 3410 1231 3474 manibus
1246 3428 1325 3474 ves*

373 3508 437 3572 tris
453 3509 546 3573 sacta
561 3515 643 3572 sunt
656 3509 742 3585 haec,
759 3509 790 3571 si
802 3508 970 3590 accipiam
986 3529 1030 3572 ex
1047 3508 1145 3573 vobis
1158 3528 1325 3592 personas
1339 3522 1372 3570 so

372 3616 520 3672 vestras.
573 3608 619 3673 Et
634 3608 770 3684 iterum,
787 3608 834 3672 Et
847 3608 1013 3673 intulistis
1029 3608 1071 3671 de
1085 3609 1208 3691 rapina
1230 3608 1325 3673 clau-

373 3707 455 3769 dum
472 3715 507 3770 et
522 3706 736 3787 languidum,
748 3713 783 3769 ct
794 3708 960 3772 intulistis
975 3727 1111 3771 munus.
1158 3707 1325 3791 Nunquid

373 3806 560 3886 suscipiam
584 3806 668 3868 illud
693 3805 736 3869 de
761 3825 868 3870 manu
882 3810 1023 3872 vestra?
1042 3808 1126 3872 dicit
1141 3807 1327 3872 Dominus·

374 3904 584 3970 Maledictus
602 3906 755 3982 dolosus,
770 3907 830 3988 qui
844 3906 949 3971 habet
970 3907 1007 3970 in
1029 3927 1135 3990 grege
1149 3927 1212 3971 suo
1233 3928 1326 3972 mas-

410 4171 464 4222 ⁸Et
483 4179 554 4237 post.
568 4211 575 4227 .
588 4175 743 4238 .Dominus.]
779 4174 834 4222 Om.
900 4171 920 4203 ¹⁸
931 4175 1090 4238 Malachiae]
1102 4177 1120 4224 i.
1132 4179 1157 4236 6,
1170 4179 1216 4234 12;
1228 4175 1282 4223 viii.
1294 4177 1326 4235 13

379 4243 409 4292 V.
862 4245 889 4294 ii.
902 4250 927 4306 ὁ,
939 4250 971 4305 8;
988 4246 1024 4294 iii.
1036 4250 1061 4307 2,
1073 4249 1113 4295 la.
