3014 5046
627 501 798 550 nrrsronn
822 502 952 552 arnon.
1205 491 1268 555 101

313 680 430 743 quam,
446 660 528 742 quid
544 660 707 726 Salvator
720 662 840 726 mundi
854 663 1033 744 factorque
1047 663 1151 729 dicat.
1191 663 1267 730 Vos

313 761 410 839 estis,
433 760 558 844 inquit,
572 762 625 824 sal
650 769 763 839 terrae,
779 762 871 844 quod
896 763 926 826 si
949 764 1002 826 sal
1025 764 1216 843 evanuerit,
1230 766 1266 828 in

311 881 383 942 quo
397 860 565 925 salieturl
589 861 632 924 ad
655 862 799 925 nihilum
813 863 908 926 valet
923 863 1026 940 rdtra,
1050 865 1117 926 nisi
1133 872 1171 928 ut
1184 885 1265 948 pro·

306 959 450 1045 jiciatur
462 961 568 1039 foraS,
584 968 624 1023 ut
637 962 856 1026 conculcetur
869 962 912 1025 ab
927 962 1133 1027 hominibus.

282 1073 298 1117 ⁵
363 1061 446 1145 593.
462 1061 543 1125 Hoc
551 1080 657 1124 unum
666 1061 900 1125 testimonium
909 1061 953 1125 ad
962 1061 1263 1128 confutand0s1m
1248 1074 1377 1176 {333⁰

309 1160 478 1242 pudentes
492 1180 648 1244 quosque
664 1160 800 1225 abunde
821 1160 976 1226 sufficere
998 1170 1127 1245 posset,
1140 1163 1201 1227 sed
1223 1173 1263 1230 ut

309 1259 577 1326 evidentioribus
606 1259 717 1325 adhuc
751 1260 1089 1345 adstipulationibuS,
1123 1265 1262 1345 quantis

308 1359 790 1445 semetipsosintolerabilibus
799 1361 966 1425 scelerum
976 1361 1128 1426 fascibus
1136 1364 1216 1427 falsi
1227 1364 1262 1430 hi

308 1461 505 1525 sacerdotes
516 1461 725 1545 opprimant,
740 1461 854 1526 verbis
868 1460 999 1525 Christi
1009 1464 1261 1545 comprobetur,

262 1548 296 1626 ro
307 1560 425 1642 aliqua
435 1559 651 1626 annectenda
659 1567 754 1625 sunt.
804 1560 968 1642 Sequitur
976 1561 1080 1639 enim,
1090 1561 1165 1626 Vos
1177 1565 1260 1629 estis

307 1661 369 1724 lux
390 1661 519 1725 mundi.
573 1660 656 1724 Non
683 1667 800 1743 potest
823 1660 946 1724 civitas
969 1661 1133 1724 abscondi
1155 1681 1260 1745 supra

306 1768 459 1826 montem
488 1761 614 1844 posita,
642 1779 753 1842 neque
792 1760 985 1823 accendunt
1014 1759 1189 1825 lucernam
1222 1770 1259 1828 et

306 1868 442 1942 ponunt
463 1880 538 1924 eam
563 1861 627 1924 sub
651 1859 777 1935 modio,
791 1858 851 1922 sed
875 1879 978 1941 super
1000 1860 1257 1940 candelabrum,

306 1967 346 2026 ut
359 1961 473 2025 luceat
487 1960 657 2038 omnibus,
671 1960 731 2042 qui
743 1960 780 2022 in
794 1960 896 2023 domo
915 1966 1008 2022 sunt.
1061 1958 1149 2037 Quis
1172 1980 1255 2041 ergo

262 2076 292 2126 1⁵
305 2062 522 2125 sacerdotum
541 2060 645 2143 hujus
667 2059 831 2142 temporis
854 2060 905 2122 ita
924 2058 1131 2140 ignorantiae
1155 2060 1255 2123 caeci-

305 2166 412 2224 tatem
425 2160 578 2242 depellit,
592 2167 632 2222 ut
645 2179 707 2223 ceu
729 2159 792 2222 lux
814 2159 1013 2223 clarissimae
1034 2159 1196 2237 lucernae,
1219 2159 1256 2224 in

304 2259 422 2342 aliqua
442 2260 544 2324 domo
566 2259 700 2323 cunctis
722 2267 828 2324 noctu
847 2258 1076 2323 residentibus
1100 2261 1254 2324 scientiae

303 2360 405 2423 simul
418 2369 454 2424 et
467 2361 635 2424 bonorum
651 2379 791 2441 operum
805 2358 964 2440 lampade
978 2359 1092 2422 luceat
1106 2362 1120 2423 l
1165 2359 1254 2438 Quis

302 2457 353 2524 ita
374 2459 544 2524 universis
559 2458 713 2521 ecclesiae
733 2457 813 2520 filiis
829 2465 954 2533 tutum,
970 2458 1155 2539 publicum,
1170 2478 1254 2522 con-

257 2560 527 2641 aaspicuumque
556 2557 737 2638 refugium,
766 2563 807 2618 ut
833 2555 880 2620 sit
902 2555 1035 2619 civibus
1059 2556 1254 2621 firmissima

301 2659 391 2723 forte
413 2658 497 2722 editi
520 2655 647 2720 montis
669 2656 792 2720 civitas
815 2655 944 2719 vertice
967 2655 1168 2732 constituta,
1191 2656 1253 2720 ha-

301 2759 425 2823 betur?
478 2758 545 2821 Sed
561 2754 653 2840 quod
670 2756 837 2838 sequitur,
850 2754 908 2818 Sic
929 2755 1045 2817 luceat
1057 2755 1121 2817 lux
1135 2763 1253 2820 vestra

301 2877 417 2922 coram
439 2857 645 2933 hominibus
671 2863 712 2918 ut
725 2854 866 2920 videant
890 2873 996 2935 opera
1010 2861 1127 2917 vestra
1148 2855 1252 2935 bona,

256 3033 257 3036 Ἴ
300 2966 336 3022 et
359 2959 581 3040 magnificent
595 2956 737 3019 Patrem
750 2962 917 3030 vestrum,
932 2952 992 3037 qui
1010 2953 1047 3016 in
1069 2955 1167 3018 coelis
1186 2963 1252 3035 est,

254 3071 287 3118 ro
300 3058 378 3140 quis
392 3079 510 3122 eorum
524 3077 594 3121 uno
609 3056 731 3122 saltem
747 3055 802 3118 die
816 3060 933 3138 potest
947 3053 1089 3135 implere
1103 3056 1117 3118 i
1157 3053 1251 3132 Quin

299 3159 415 3240 potius
431 3158 635 3222 densissima
649 3156 808 3237 quaedam
822 3174 941 3218 eorum
956 3154 1092 3230 nebula,
1106 3161 1252 3236 atraque

298 3258 534 3338 peccaminum
557 3255 650 3321 omni
677 3255 800 3317 insulae
828 3253 879 3316 ita
902 3253 1070 3316 incumbit
1099 3273 1182 3332 nox,
1212 3263 1252 3319 ut

299 3376 417 3420 omnes
432 3376 520 3437 pene
536 3374 557 3417 a
572 3354 630 3417 via
643 3360 739 3416 recta
761 3359 907 3427 avertat,
923 3370 963 3414 ac
977 3371 1039 3432 per
1051 3351 1164 3415 invios
1186 3354 1250 3416 im-

200 3527 204 3533 ,
298 3455 501 3538 peditesque
523 3454 689 3517 scelerum
708 3450 814 3513 calles
835 3468 950 3513 errare
972 3449 1090 3525 faciat,
1105 3468 1250 3529 quorum

253 3579 286 3625 so
298 3576 368 3620 non
383 3556 484 3619 modo
501 3554 608 3618 Pater
623 3548 775 3615 coelestis
791 3569 861 3612 non
879 3549 1042 3612 laudatur
1056 3568 1118 3631 per
1131 3567 1250 3630 opera,

333 3728 461 3796 'loquit.]
479 3732 545 3781 Mat.
556 3746 582 3779 v.
595 3733 636 3779 13.
821 3723 840 3755 ¹⁷
850 3724 943 3790 Aliquo
961 3728 1050 3792 doma]
1067 3727 1189 3791 Aliquam
1205 3728 1252 3777 do·

332 3797 343 3830 ⁸
363 3803 538 3865 Imprudentes]
566 3797 760 3861 Impudentissi·
784 3811 863 3858 mum,
875 3797 909 3848 B.

297 3885 362 3933 mos,
376 3872 407 3920 V.
821 3864 840 3894 ¹⁸
851 3867 951 3916 Laceat.
982 3867 1072 3930 Lucet,
1084 3867 1118 3916 Β.

331 3938 575 4004 ⁷Eoidentiorib1a.]
600 3937 760 3999 Evidentius‚
820 3933 840 3966 ¹⁹
853 3937 950 3986 Tutum.
981 3936 1082 3997 Totum,
1093 3937 1128 3985 B.

301 4010 331 4063 V.
819 4001 837 4034 ²¹
851 4005 945 4069 natta]
963 4006 1000 4053 ut
1011 4006 1089 4066 edita,
1104 4006 1135 4052 Β.

331 4077 341 4109 ⁷
352 4079 614 4143 Adatipulatiooibus]
637 4079 692 4127 Om.
709 4076 740 4127 V.
818 4071 839 4104 ²⁹
851 4074 989 4136 Sequitur]
1006 4075 1072 4123 Mat.
1082 4089 1108 4123 v.
1120 4077 1161 4122 16.

332 4146 505 4212 ¹⁰Vorestis]
523 4149 588 4198 Mat.
599 4164 624 4197 v.
637 4152 678 4197 14.
819 4142 962 4206 ²3Eorum]
980 4144 1075 4192 Eorum
1085 4142 1165 4206 istud,
1180 4143 1210 4193 V.

325 4217 488 4270 ¹⁵coecitatem
494 4219 601 4282 depellit,
609 4222 637 4266 ut
644 4217 758 4278 sualua]
818 4209 840 4248 ²7
854 4215 911 4277 Ut]
928 4214 970 4262 Ita
979 4217 1018 4275 ut,
1029 4212 1064 4262 Β.

297 4290 419 4340 Caecitate
429 4304 572 4353 possessus,
582 4294 611 4337 ut
621 4289 676 4352 lux,
688 4287 722 4336 Β.
819 4282 840 4315 ³⁰
852 4285 904 4334 Per
914 4283 1006 4348 opera]
1028 4284 1084 4332 Om.
1102 4283 1132 4334 V.
