3014 5046
604 490 775 538 emenoni
799 491 929 537 ornum.
1055 527 1058 534 .
1202 475 1247 538 59

293 650 478 724 vehuntur,
504 655 540 711 et
563 667 632 712 non
655 657 837 729 poterunt3
870 651 1100 713 intumescent
1123 649 1248 713 fluctus

295 748 382 830 ejuS,
398 755 434 810 et
447 768 516 811 non
532 749 730 812 transibunt
744 749 839 813 illud.
885 750 1023 831 Populo
1038 758 1154 812 autem
1169 750 1248 812 huic

295 847 424 911 sactum
450 856 503 912 est
526 868 584 911 cor
605 849 818 911 incredulum
842 856 878 912 et
899 868 1122 931 exasperansi,
1136 869 1248 914 reces-

296 955 414 1011 serunt
432 955 468 1011 ct
484 949 653 1024 abierunt,
669 956 704 1010 et
726 969 797 1012 non
819 949 983 1011 dixerunt
998 949 1034 1011 in
1049 949 1151 1012 corde
1173 968 1249 1026 suo,

267 1054 488 1110 metuamus
504 1048 692 1111 Dominum
707 1047 821 1111 Deum
837 1056 1004 1112 nostrum.
1051 1049 1097 1110 Et
1112 1049 1250 1125 iterum,

297 1146 390 1224 Quia
401 1147 533 1209 inventi
546 1154 628 1210 sunt
642 1148 679 1210 in
694 1148 822 1229 populo
833 1168 908 1211 meo
924 1148 1032 1228 impii,
1046 1147 1250 1211 insidiantes

295 1246 397 1327 quasi
420 1265 582 1328 aucupeS,
605 1248 749 1328 laqueos
778 1255 946 1330 ponentes
976 1254 1012 1310 et
1036 1246 1175 1328 pedicas
1205 1247 1249 1310 ad

296 1345 481 1427 capiendos
513 1346 617 1409 viros.
675 1346 772 1411 Sicut
800 1348 959 1429 decipula
984 1346 1089 1428 plena
1115 1347 1250 1423 avibus,

298 1445 347 1507 sic
370 1445 491 1508 domus
514 1464 631 1508 eorum
650 1446 763 1528 plenae
784 1447 875 1511 dolo.
929 1446 1013 1509 Ideo
1039 1446 1251 1527 magnificati

253 1568 285 1614 ιο
298 1551 380 1607 sunt
403 1551 438 1607 et
463 1544 576 1620 ditati,
604 1546 786 1608 incrassati
810 1553 950 1609 suntet
974 1545 1192 1626 impinguati,
1216 1553 1251 1608 et

296 1645 538 1726 praeterierunt
552 1663 726 1708 sermones
740 1665 835 1709 meos
849 1646 1016 1726 pessime3
1032 1664 1172 1708 causam
1186 1665 1250 1727 pu-

298 1744 372 1825 pilli
387 1762 458 1805 non
472 1744 646 1820 dixerunt,
661 1752 697 1807 et
706 1744 875 1827 judicium
890 1762 1079 1826 pauperum
1104 1764 1174 1806 non
1191 1743 1251 1827 ju·

299 1842 513 1906 dicaverunt.
540 1841 708 1924 Nunquid
720 1862 824 1924 super
838 1843 892 1906 his
910 1862 979 1905 non
993 1842 1154 1919 visitab0,
1168 1843 1252 1907 dicit

299 1942 496 2005 Dominus?
519 1949 582 2004 aut
605 1962 708 2023 super
722 1948 860 2024 gentem
884 1942 1080 2026 hujusmodi
1103 1962 1173 2005 non
1198 1943 1251 2004 nl-

255 2066 286 2111 ιε
300 2043 447 2105 ciscetur
462 2042 578 2104 anima
592 2044 692 2105 meat

351 2141 436 2224 549.
462 2141 528 2204 Sed
554 2143 645 2204 absit
666 2149 705 2205 ut
730 2141 828 2205 vobis
854 2143 992 2206 eveniat
1014 2142 1106 2223 quod
1132 2143 1251 2206 subse-

299 2242 427 2322 quitur.
479 2241 647 2323 Loqueris
661 2242 705 2304 ad
722 2261 781 2305 eos
796 2241 911 2304 omnia
923 2243 1030 2305 verba
1043 2242 1117 2305 haec
1133 2249 1168 2305 et
1182 2263 1252 2306 non

300 2340 440 2405 audient
463 2347 509 2417 te,
536 2348 572 2404 et
597 2342 737 2405 vocabis
762 2361 822 2405 eos
846 2349 881 2403 et
903 2361 972 2404 non
996 2342 1253 2423 respondebunt

300 2439 374 2516 tibi,
391 2448 425 2503 et
438 2441 531 2503 dices
551 2441 594 2502 ad
619 2460 690 2517 eoS,
707 2440 797 2503 Haec
819 2447 872 2502 est
887 2460 984 2520 gens,
1000 2460 1078 2521 quae
1094 2461 1164 2504 non
1190 2461 1251 2504 au·

255 2561 287 2606 eo
301 2538 388 2603 divit
402 2559 520 2602 vocem
536 2540 678 2602 Domini
692 2541 760 2602 Dei
781 2540 847 2614 sui,
865 2558 928 2601 nec
948 2539 1077 2620 recepit
1099 2539 1251 2621 discipli-

302 2658 394 2715 nam,
408 2638 511 2719 periit
524 2637 620 2714 fides„
636 2646 670 2700 et
686 2638 804 2700 ablata
818 2644 871 2700 est
886 2638 928 2700 de
943 2658 1002 2701 ore
1024 2657 1153 2700 eorum.
1206 2639 1252 2702 Et

301 2745 381 2819 post
403 2738 594 2818 aliquanta,
611 2735 778 2817 Nunquid
793 2737 852 2817 qui
866 2737 969 2812 cadit,
985 2756 1054 2799 non
1068 2741 1251 2818 resurgetl

302 2837 411 2918 etqui
431 2855 572 2900 aversus
595 2842 660 2913 est,
675 2856 746 2898 non
763 2838 978 2899 reverteturl
1031 2835 1148 2913 Quare
1170 2856 1253 2917 ergo

302 2955 444 2999 aversus
466 2943 520 2999 est
542 2937 690 3019 populus
715 2935 780 2999 iste
806 2935 842 2997 in
857 2934 1051 2998 Jerusalem
1074 2935 1254 3000 aversione

257 3061 288 3104 25
302 3037 541 3100 contentiosa?
604 3034 918 3119 Apprehenderunt
953 3036 1180 3113 mendacium,
1219 3043 1255 3101 et

302 3137 487 3200 noluerunt
511 3137 648 3199 reverti.
700 3134 847 3199 Attendi
866 3141 902 3197 et
921 3135 1127 3212 auscultavi,
1153 3156 1254 3199 nemo

303 3236 394 3316 quod
417 3237 544 3299 bonum
568 3243 622 3298 est
643 3236 807 3315 loquitur.
861 3233 989 3297 Nullus
1014 3242 1068 3298 est
1091 3236 1150 3318 qui
1170 3243 1255 3315 agat

301 3336 543 3415 poenitentiam
557 3352 661 3415 super
676 3341 819 3414 peccato
834 3352 897 3395 suo
912 3333 1041 3408 dicenS,
1061 3335 1143 3414 quid
1163 3333 1252 3397 fecii

304 3432 433 3496 Omnes
462 3433 620 3495 conversi
655 3439 737 3494 sunt
772 3431 816 3494 ad
848 3449 985 3493 cursum
1013 3451 1124 3506 suum,
1155 3434 1255 3512 quasi

258 3555 290 3600 eo
303 3551 412 3614 equus
439 3532 570 3613 impetu
596 3530 727 3593 vadens
755 3532 790 3592 in
820 3530 993 3611 proelium.
1057 3529 1188 3592 Milvus
1217 3531 1255 3593 in

304 3632 393 3695 coelo
417 3631 580 3711 cognovit
604 3637 740 3710 tempus
762 3648 874 3706 suum,
905 3636 1020 3692 turtur
1044 3635 1079 3692 et
1108 3628 1255 3692 hirundo

304 3739 340 3794 et
359 3731 492 3794 ciconia
509 3730 746 3794 custodierunt
765 3736 901 3811 tempus
919 3730 1090 3794 adventus
1110 3729 1175 3806 sui,
1191 3748 1254 3811 po-

303 3832 406 3912 pulus
441 3850 536 3894 meus
576 3851 646 3894 non
681 3830 845 3911 cognovit
866 3829 1035 3913 judicium
1068 3828 1146 3892 Dei.
1208 3829 1255 3892 Et

303 3925 376 3993 'tam
392 3931 586 3994 vehementi
600 3929 857 4010 sacrilegiorum
873 3931 1029 3993 caecitate
1043 3936 1078 3990 et
1091 3928 1256 3990 ineffabili

260 4050 291 4094 aa
305 4032 471 4111 ebrietate
498 4031 668 4112 propheta
699 4029 917 4104 conterritus,
955 4036 990 4091 et
1022 4027 1152 4089 defiens
1184 4046 1255 4104 ene,

340 4254 361 4286 ³⁴
379 4257 459 4320 Tam]
479 4257 553 4319 Cum,
567 4257 599 4304 B.
775 4249 780 4320 Ι
830 4249 851 4283 ³⁵
864 4252 1256 4316 conterritus.]Conterritur,B.
