3014 5046
614 504 785 552 nrrsroes
808 505 939 553 emen.
1092 563 1094 567 ,
1187 489 1253 553 105

298 657 391 722 tibus
406 656 474 720 dici
488 657 659 736 videatur,
681 653 862 725 intuemini
877 668 993 724 tamen
1011 660 1093 743 quia
1112 681 1251 745 ‘compe-

299 763 413 820 tenter
426 758 526 822 istius
549 758 616 821 aevi
636 760 873 823 sacerdotibus
893 780 972 824 curn
987 761 1125 844 populis
1148 781 1253 844 coap-

300 857 441 922 tabitur.
495 858 542 921 Et
569 865 650 941 post
679 877 812 940 pauca3
846 858 917 937 Qui
941 868 1252 941 commutaverunt,

300 955 424 1039 inquit,
438 957 620 1021 veritatem
636 959 703 1022 Dei
725 960 761 1022 in
779 960 1007 1037 mendacium,
1022 967 1058 1024 et
1072 961 1253 1027 coluerunt

272 1072 288 1116 s
302 1063 337 1120 et
351 1057 545 1122 servierunt
562 1065 731 1121 creaturae
750 1060 867 1141 potius
884 1078 988 1140 quarn
1009 1059 1179 1137 Creatori,
1193 1063 1253 1142 qui

301 1162 355 1219 est
379 1156 580 1220 benedictus
601 1158 638 1221 in
657 1158 794 1238 secula3
818 1166 1004 1242 propterea
1016 1158 1159 1224 tradidit
1173 1160 1252 1224 illos

302 1255 399 1319 Deus
424 1256 461 1319 in
489 1257 670 1339 passiones
701 1258 912 1340 ignominiae.
964 1259 1012 1322 Et
1036 1260 1181 1339 iterum3
1205 1261 1253 1326 Et

301 1354 391 1420 sicut
412 1376 483 1419 non
509 1358 743 1440 probaverunt
765 1359 880 1422 Deum
908 1358 1034 1422 habere
1056 1360 1092 1422 in
1115 1360 1252 1440 notitia,

300 1454 443 1519 tradidit
454 1456 532 1520 illos
544 1457 641 1520 Deus
654 1457 691 1519 in
705 1459 888 1540 reprobum
902 1478 1054 1536 sensum,
1068 1466 1108 1523 ut
1122 1459 1254 1525 saciant

258 1552 288 1622 to
301 1575 379 1638 quae
408 1575 478 1620 non
508 1557 730 1635 conveniunt,
756 1557 906 1640 repletos
936 1558 1031 1622 omni
1054 1559 1252 1640 iniquitate,

295 1655 446 1733 malitia,
480 1656 705 1739 impudicitia,
733 1657 972 1734 fornicatione,
1002 1659 1161 1734 avaritia,
1192 1679 1252 1722 ne·

301 1755 423 1836 quitia,
456 1755 577 1839 plenos
609 1756 752 1832 invidia,
788 1755 971 1820 homicidio
1000 1755 1151 1843 (scilicet
1177 1759 1252 1820 ani-

301 1874 435 1918 marum
467 1851 617 1939 populi),
641 1857 874 1932 contentione,
903 1856 995 1932 dolo,
1022 1855 1252 1937 malignitate,

300 1974 516 2033 susurrones,
545 1955 768 2032 detractores,
791 1956 868 2019 Deo
894 1956 1049 2032 odibiles
1074 1963 1252 2019 contume-

256 2073 287 2118 rs
301 2053 419 2131 liosos,
434 2057 612 2138 superbos,
627 2056 749 2133 elatos,
764 2056 962 2119 inventores
978 2055 1166 2134 malorum3
1189 2075 1251 2137 pa·

300 2155 454 2218 rentibus
481 2156 729 2234 inobedientes,
756 2157 966 2232 insensatos
992 2155 1252 2237 incompositos,

299 2255 375 2318 sine
396 2256 642 2332 misericordia,
665 2257 739 2320 sine
761 2256 953 2332 affectione,
970 2256 1030 2336 qui
1050 2275 1129 2319 cum
1146 2256 1253 2339 justi-

301 2355 383 2418 tiam
395 2356 463 2419 Dei
472 2357 730 2437 cognovissent,
739 2377 809 2420 non
819 2356 1078 2433 intellexerunt,
1087 2358 1252 2438 quoniam

300 2455 360 2536 qui
374 2456 460 2519 talia
473 2461 595 2535 agunt,
609 2455 706 2535 digni
719 2462 802 2518 sunt
815 2463 936 2518 morte.

254 2574 287 2620 ac
352 2554 433 2638 598.
448 2553 618 2632 Quisnam
630 2555 904 2637 supradictorum
915 2553 969 2615 his
980 2554 1138 2617 omnibus
1146 2553 1183 2615 in
1192 2573 1252 2617 ve·

299 2654 403 2717 ritate
413 2653 543 2716 caruitt
557 2654 588 2716 si
597 2654 688 2717 enim
697 2660 800 2730 osset,
809 2652 897 2716 forte
905 2659 1087 2733 caperetur
1094 2654 1251 2736 subjecto

300 2773 405 2817 sensu
426 2753 463 2816 in
485 2773 554 2835 quo
570 2753 632 2830 ait,
656 2752 738 2816 Non
753 2753 864 2816 solum
887 2752 946 2834 qui
960 2750 1092 2815 faciunt
1115 2771 1167 2829 ea,
1191 2753 1251 2816 sed

300 2854 403 2919 etiam
414 2855 473 2934 qui
482 2853 704 2917 consentiunt
712 2851 1034 2928 facientibus‚nullo
1045 2852 1176 2917 scilicet
1186 2851 1252 2916 hoc
1296 2896 1298 2901 -

300 2954 392 3017 malo
408 2973 525 3017 eorum
538 2961 698 3018 exstante
709 2952 863 3016 immuni.
900 2952 948 3015 Et
955 2951 1058 3029 infra,
1069 2951 1125 3014 Tu
1136 2959 1251 3016 autem

256 3072 288 3117 as
300 3055 488 3117 secundum
510 3054 672 3118 duritiam
687 3062 796 3129 tuam,
816 3060 851 3116 et
865 3071 925 3116 cor
938 3052 1160 3135 impoenitens
1175 3054 1252 3116 the·

301 3155 454 3216 saurizas
469 3155 532 3218 tibi
553 3155 640 3217 iram
662 3155 698 3216 in
720 3153 775 3217 die
797 3154 870 3228 irae,
884 3160 919 3217 et
934 3152 1154 3216 revelationis
1163 3152 1252 3235 justi

296 3252 420 3335 judicii
435 3254 515 3330 Dei,
529 3255 588 3335 qui
605 3252 724 3316 reddet
739 3253 924 3332 unicuique
939 3252 1126 3314 secundum
1147 3271 1253 3333 opera

300 3371 376 3415 sua.
428 3351 476 3414 Et
498 3353 635 3428 iterum,
661 3351 745 3414 Non
767 3358 821 3413 est
842 3351 933 3412 enim
957 3352 1113 3431 acceptio
1133 3371 1252 3431 perso·

301 3470 423 3514 narum
443 3451 535 3532 apud
558 3452 684 3515 Deum.
737 3448 943 3528 Quicunque
966 3448 1056 3510 enim
1079 3450 1153 3511 sine
1174 3449 1251 3530 lege

256 3569 288 3615 ac
301 3558 543 3635 peccaverunt,
557 3552 631 3613 sine
652 3550 730 3630 lege
743 3555 779 3611 et
793 3549 973 3629 peribunt3
997 3546 1192 3628 quicunque
1214 3549 1251 3611 in

300 3653 377 3732 lege
389 3658 632 3733 peccaverunt,
650 3669 713 3732 per
728 3649 840 3730 legem
854 3647 1115 3731 judicabuntur.
1167 3647 1251 3711 Non

301 3751 392 3814 enim
414 3750 589 3814 auditores
611 3749 699 3830 legis
716 3749 805 3832 justi
826 3755 908 3811 sunt
929 3746 1021 3829 apud
1042 3747 1167 3824 Deum,
1190 3748 1250 3812 sed

300 3851 449 3915 factores
464 3851 552 3931 legis
561 3849 855 3933 justificabuntur.
902 3846 995 3925 Quid
1013 3867 1096 3929 ergo
1122 3848 1250 3911 severi·

299 3952 382 4014 tatis
404 3951 536 4033 ingruit
549 3949 615 4026 his,
632 3948 691 4031 qui
710 3968 781 4011 non
799 3948 911 4010 solum
925 3946 1101 4029 implenda
1114 3965 1183 4008 non
1198 3946 1250 4010 fa-

335 4157 356 4189 ²³
367 4160 459 4207 Nullo.
474 4194 480 4207 .
494 4193 501 4207 .
513 4157 635 4218 imment]
653 4158 690 4205 Ut
709 4157 765 4204 nul·
823 4150 844 4182 ²⁴
856 4127 1000 4216 Restituta]
1018 4153 1164 4213 Exstantes‚
1175 4153 1211 4206 Β.

299 4231 350 4287 lus,
362 4229 468 4347 scilicet,
479 4243 564 4277 eorum
576 4228 609 4276 sit
619 4228 696 4289 hujus
704 4227 765 4275 nieli
823 4221 843 4254 ⁸⁴
856 4223 980 4287 Ingruit]
997 4223 1117 4285 Ingessit,
1134 4224 1164 4276 V.

300 4313 401 4361 expers,
440 4334 446 4346 .
