3014 5046
369 442 412 504 50
680 458 850 505 amsuoun
874 454 1004 502 ninom.

209 627 302 717 m?
322 638 358 668 01-
425 615 443 698 ᾖ
472 613 527 679 39.
560 615 627 678 Sed
658 615 740 679 licet
775 616 841 679 hoc
869 634 976 677 unum
1015 610 1223 693 exemplum,
1255 609 1326 675 acsi

245 689 259 727 Ρ
292 704 298 718 ’
374 714 523 778 invictus
560 716 800 798 adstipulator,
842 714 885 777 ad
927 711 1148 793 corrigendos
1188 709 1326 792 iniquos

376 814 511 878 abunde
539 814 735 894 sufficeret3
765 822 894 890 tamen,
924 819 964 876 ut
992 812 1028 874 in
1057 831 1116 874 ore
1141 810 1327 874 multorum

376 914 515 977 testium
551 934 653 979 omne
689 914 928 997 comprobetur
960 910 1152 975 Britanniae
1187 911 1327 989 malum,

377 1020 591 1077 transeamus
614 1014 658 1077 ad
679 1021 804 1078 cetera.
857 1011 949 1091 Quid
975 1010 1090 1074 David
1116 1010 1328 1074 numerando
1356 1023 1372 1066 ὁ

378 1113 541 1194 populum
564 1114 691 1190 evenit,
713 1113 847 1177 dicente
870 1112 914 1175 ad
936 1131 1014 1174 eum
1036 1110 1206 1192 propheta
1220 1108 1326 1173 Gadi

380 1211 470 1275 Haec
485 1213 568 1276 dicit
583 1214 766 1291 Dominus,
788 1212 909 1276 Trium
923 1211 986 1274 tibi
1000 1211 1094 1292 optio
1111 1210 1224 1286 datur,
1239 1209 1328 1291 elige

379 1330 485 1374 unum
508 1314 599 1394 quod
622 1314 771 1378 volueris
794 1333 838 1376 ex
861 1312 927 1390 his,
950 1319 990 1376 ut
1011 1309 1135 1373 faciam
1157 1309 1244 1389 tibi3
1268 1315 1328 1373 aut

380 1418 511 1492 septem
539 1413 638 1476 annis
661 1413 776 1477 veniet
795 1411 858 1477 tibi
880 1412 1000 1488 famoS,
1020 1416 1080 1473 aut
1102 1409 1210 1473 tribus
1232 1428 1328 1472 men-

382 1511 475 1573 sibus
504 1511 615 1594 fugies
639 1512 854 1577 adversarios
883 1519 973 1589 tuos,
1004 1509 1117 1590 etjlli
1144 1516 1179 1572 te
1212 1527 1373 1592 perse-ro

381 1618 541 1691 quentur,
558 1619 619 1675 aut
634 1619 727 1676 certo
744 1613 852 1676 tribus
865 1611 984 1674 diebus
1003 1609 1069 1673 erit
1082 1608 1280 1691 pestilentia
1292 1608 1331 1672 in

381 1717 475 1772 terra
490 1718 560 1774 tua.
614 1713 707 1775 Nam
730 1719 882 1775 arctatus
905 1711 968 1774 tali
989 1708 1196 1784 conditione,
1219 1715 1329 1773 etvo-

380 1809 456 1873 lens
478 1810 589 1890 magis
614 1798 764 1875 incidero
791 1812 828 1875 in
850 1828 972 1873 manus
999 1807 1225 1872 misericordis
1251 1806 1331 1885 Dei,

383 1928 487 1990 quam
509 1910 697 1988 hominum,
719 1911 942 1993 septuaginta
965 1908 1109 1971 millium
1130 1907 1250 1991 populi
1276 1908 1331 1970 sui

383 2016 500 2090 strage
514 2009 723 2087 humiliatur,
744 2017 790 2086 et,
811 2010 847 2073 ni
871 2029 934 2091 pro
954 2007 1212 2084 contribulibus,
1227 2025 1375 2090 apos-15

384 2108 497 2171 tolicae
508 2110 662 2173 caritatis
671 2110 807 2185 affectu,
817 2116 857 2173 ut
870 2108 948 2172 illos
963 2108 1069 2190 plaga
1081 2127 1150 2170 non
1159 2113 1329 2188 tangeret,

383 2208 471 2270 mori
486 2208 632 2290 optavit,
647 2208 802 2286 dicendo,
824 2209 901 2289 Ego
917 2227 1005 2282 sum,
1027 2206 1086 2288 qui
1099 2206 1252 2289 peccavi,
1266 2227 1330 2288 ego

385 2313 504 2388 pastor
523 2307 640 2389 inique
661 2309 716 2389 egi
731 2310 739 2387 ;'
765 2307 836 2383 isti,
853 2307 913 2388 qui
931 2325 1013 2371 oves
1032 2313 1125 2384 sunt,
1145 2306 1227 2388 quid
1242 2306 1331 2370 fece-

385 2409 494 2469 runtl
532 2415 698 2484 vertatur,
719 2409 872 2484 obsecro,
903 2425 1024 2470 manus
1052 2413 1114 2470 tua
1131 2414 1253 2470 contra
1277 2426 1332 2470 me

260 2530 265 2543 ·
386 2512 422 2567 ct
443 2513 564 2569 contra
588 2507 726 2571 domum
748 2507 857 2590 patris
878 2506 958 2584 mei,
984 2512 1024 2569 ut
1045 2505 1332 2570 inconsideratam
1345 2521 1378 2568 ao

385 2606 511 2669 mentis
538 2607 722 2671 elationem
751 2607 891 2690 propria
914 2614 1025 2670 morte
1054 2606 1176 2689 piaret.
1239 2606 1333 2669 Nam

386 2704 468 2785 quid
481 2706 660 2788 Scriptura
674 2708 820 2790 amplius
835 2708 877 2771 de
891 2707 961 2770 filio
975 2706 1050 2790 ejus
1064 2708 1205 2770 narrati
1224 2705 1334 2783 Fecit,

385 2803 556 2886 inquienS,
572 2807 745 2884 Salomon,
760 2807 851 2888 quod
866 2827 936 2871 non
951 2807 1128 2888 placuerat
1135 2825 1250 2871 coram
1259 2807 1333 2869 Do·

386 2904 491 2982 mino,
508 2913 543 2969 ct
558 2926 627 2969 non
643 2906 854 2988 adimplevit,
873 2913 913 2969 ut
933 2913 1133 2988 sequeretur
1146 2906 1334 2969 Dominum

387 3003 477 3066 sicut
498 3012 596 3085 pater
618 3005 704 3089 ejus.
756 3005 858 3068 Dixit
881 3004 1051 3068 Dominus
1074 3004 1117 3066 ad
1134 3025 1223 3081 eum,
1244 3003 1336 3082 Quia
1345 3019 1378 3065 2⁵

386 3101 537 3166 habuisti
559 3103 624 3166 hoc
653 3103 743 3186 apud
773 3111 819 3180 te,
843 3110 879 3166 et
901 3123 971 3166 non
993 3102 1173 3166 custodisti
1194 3111 1335 3185 pactum
1407 3135 1420 3144 ·

386 3221 499 3264 meum
513 3209 548 3266 et
562 3209 748 3285 praecepta,
763 3223 840 3285 quae
855 3202 1017 3266 mandavi
1030 3201 1105 3280 tibi,
1119 3202 1336 3284 disrumpens

386 3300 540 3365 scindam
555 3322 698 3383 regnum
711 3310 809 3366 tuum
824 3309 859 3366 et
874 3302 963 3366 dabo
976 3301 1061 3365 illud
1075 3320 1175 3366 servo
1190 3308 1262 3366 tuo.

439 3401 456 3484 §
470 3403 525 3466 40.
541 3402 635 3481 Quid
651 3403 784 3467 duobus
799 3402 987 3483 sacrilegis,
1005 3422 1102 3484 aeque
1116 3408 1155 3465 ut
1169 3401 1228 3465 isti
1242 3408 1335 3480 sunt,

387 3500 499 3566 Israel
513 3503 661 3584 regibus
673 3502 860 3568 Hieroboae
870 3510 905 3566 et
916 3503 1053 3579 Baasae,
1065 3502 1200 3579 accidit,
1210 3501 1336 3580 audite,
1345 3515 1379 3562 so

387 3602 510 3682 quibus
526 3603 699 3666 sententia
713 3603 855 3667 Domini
869 3602 1029 3685 dirigitur
1045 3623 1107 3684 per
1121 3601 1336 3685 prophetam,

387 3699 437 3762 ita
449 3700 605 3765 dicentis
659 3702 807 3784 Propter
821 3702 912 3784 quod
930 3702 1148 3784 magnificavi
1161 3708 1196 3766 te
1210 3701 1336 3783 princi-

387 3818 465 3879 pem
488 3819 593 3880 supra
607 3800 730 3878 Israel,
747 3802 828 3884 quia
849 3803 1142 3866 exacerbaverunt
1155 3822 1210 3865 me
1223 3801 1260 3864 in
1275 3820 1337 3866 va-

388 3898 553 3962 nitatibus
569 3901 652 3977 suiS,
666 3921 756 3978 ecce,
773 3921 838 3982 ego
852 3902 1027 3965 suscitabo
1043 3910 1123 3984 post
1139 3902 1288 3964 Baasam
1303 3908 1338 3964 et

420 4136 529 4204 ⁷Haea]
547 4140 643 4190 2Sam.
655 4141 725 4190 xxiv.
738 4140 780 4201 12,
792 4144 832 4189 17.
907 4137 926 4168 ³¹
952 4139 1120 4204 Propbetom]
1146 4142 1158 4186 l
1190 4140 1254 4200 Reg.
1285 4139 1337 4188 xvi.

420 4200 514 4273 2δ’σήρ
531 4211 609 4273 tara]
620 4214 632 4258 l
642 4212 707 4272 Reg.
717 4212 753 4260 xi.
761 4215 786 4272 6,
795 4214 835 4259 11.
873 4213 898 4271 2,
908 4213 932 4271 3,
940 4213 965 4258 4.
