3014 5046
615 447 785 494 nrisvonn
810 446 940 494 einum.
1207 430 1250 493 97

298 605 425 684 culum,
440 615 476 672 et
492 617 609 673 votum
634 609 765 673 faciens
784 605 941 673 immolat
962 606 1073 671 debile
1087 606 1249 684 Domino,

298 706 381 788 quia
402 727 465 771 rex
487 728 635 789 magnus
655 730 720 790 ego
744 728 832 785 sum,
855 709 940 772 dicit
955 708 1126 772 Dominus
1149 726 1249 770 exer·

298 807 440 885 cituum,
467 816 503 873 et
526 829 651 872 nomen
677 829 790 872 meum
817 808 979 872 horribile
1005 809 1042 871 in
1074 807 1248 889 gentibus.

299 905 346 970 Et
367 927 459 972 nunc
483 909 605 972 advos
628 909 829 972 mandatum
849 908 927 984 hoc,
942 906 973 970 0
989 907 1197 983 sacerdotes
1220 907 1251 969 si

269 1006 478 1072 cnolueritis
503 1008 622 1071 audire
645 1015 681 1072 et
704 1027 831 1091 ponere
865 1027 969 1089 super
996 1026 1068 1084 cor,
1091 1013 1132 1069 ut
1159 1005 1250 1069 detis

299 1106 446 1188 gloriam
468 1107 598 1172 nomini
624 1127 714 1185 meo,
744 1109 794 1171 ait
823 1107 994 1171 Dominus
1022 1106 1248 1182 exercituum,

298 1207 432 1271 mittam
451 1206 488 1271 in
504 1227 567 1272 vos
590 1215 793 1289 egestatem,
813 1215 849 1271 et
870 1206 1074 1271 maledicam
1088 1205 1249 1269 benedic·

298 1306 450 1371 tionibus
465 1308 602 1384 vestris,
617 1309 780 1389 quoniam
795 1327 865 1370 non
878 1307 1043 1389 posuistis
1058 1325 1162 1389 super
1176 1292 1247 1369 cor.

299 1405 401 1484 Ecce,
415 1426 481 1489 ego
489 1407 669 1491 projiciam
683 1407 782 1472 vobis
797 1407 987 1484 brachium,
1003 1414 1038 1471 ct
1051 1407 1249 1488 dispergam

253 1523 286 1568 ro
298 1525 402 1588 super
420 1507 555 1572 vultum
574 1514 727 1572 vestrum
748 1515 881 1571 stercus
895 1506 1155 1570 sollennitatum
1170 1524 1249 1568 ves·

298 1612 441 1671 narum.
493 1607 561 1671 Sed
575 1608 719 1684 interea,
733 1614 772 1670 ut
785 1607 921 1670 avidius
936 1625 1069 1687 organa
1085 1605 1248 1686 nequitiae

298 1707 503 1789 praeparetis
531 1708 575 1770 ad
604 1709 708 1785 bona,
736 1707 818 1788 quid
845 1707 888 1769 de
916 1712 1038 1769 sancto
1070 1703 1249 1766 sacerdote

299 1806 404 1883 dicat,
419 1809 449 1870 si
462 1808 803 1890 quantulumcunque
820 1806 933 1868 adbuc
959 1805 1085 1867 interni
1109 1802 1248 1867 auditus

298 1904 335 1969 in
349 1906 448 1971 vobis
462 1914 628 1983 remanet,
644 1906 857 1970 auscultate:
883 1904 1030 1968 Pactum
1052 1923 1178 1980 meum,
1195 1903 1250 1965 in·

254 2021 285 2066 ιε
299 2007 433 2088 quiens,
447 2007 513 2072 fuit
527 2026 605 2070 cum
619 2006 754 2070 eo-de
767 2004 854 2068 Levi
868 2024 1028 2085 namque,
1043 2004 1098 2067 vel
1113 2004 1249 2085 Moyse,

298 2107 486 2171 secundum
515 2107 694 2171 historiam
719 2105 1058 2188 loquebatur—vitae
1084 2111 1120 2167 et
1141 2103 1250 2185 pacis,

299 2207 376 2270 dedi
392 2208 423 2271 ei
438 2209 595 2272 timorem
610 2213 645 2271 et
659 2207 775 2270 timuit
788 2226 854 2283 me,
869 2225 892 2268 a
904 2205 992 2268 facie
1010 2204 1159 2268 nominis
1183 2203 1250 2266 mei

299 2309 461 2388 pavebat,
477 2308 535 2371 lex
548 2306 706 2372 veritatis
720 2305 786 2369 suit
800 2306 837 2369 in
852 2325 911 2369 ore
934 2305 1022 2389 ejus,
1037 2311 1072 2368 et
1084 2304 1251 2385 iniquitas

300 2426 369 2471 non
385 2415 439 2473 est
452 2408 601 2489 inventa
610 2407 647 2469 in
661 2405 762 2468 labiis
785 2405 815 2489 ej
820 2424 872 2482 us,
886 2406 922 2468 in
937 2423 1022 2486 pace
1038 2406 1124 2468 etin
1142 2403 1250 2484 aequi·

253 2526 286 2571 ao
299 2512 372 2571 tate
395 2506 586 2571 ambulavit
605 2524 750 2581 mecum,
764 2511 799 2567 et
820 2503 948 2567 multos
971 2503 1097 2567 avertit
1119 2503 1163 2564 ab
1185 2502 1251 2563 ini·

299 2608 447 2689 quitate.
498 2606 609 2668 Labia
622 2605 713 2667 enim
727 2603 915 2666 sacerdotis
931 2602 1126 2666 custodient
1139 2601 1250 2663 scien·

299 2708 396 2783 tiam,
413 2713 448 2770 et
462 2705 574 2786 legem
596 2703 773 2785 requirent
795 2723 840 2766 cx
863 2721 922 2765 ore
940 2702 1027 2785 ejus,
1046 2702 1129 2784 quia
1143 2718 1250 2780 ange-

299 2805 355 2869 lus
370 2806 512 2870 Domini
528 2804 743 2869 exercituum
762 2810 827 2866 est.
880 2801 985 2865 Nunc
1006 2803 1089 2865 item
1103 2799 1253 2863 mutavit

301 2925 451 2983 sensum,
474 2912 510 2969 et
523 2906 632 2970 malos
646 2904 825 2986 increpare
846 2921 916 2964 non
935 2901 1074 2978 desinit,
1088 2900 1176 2976 Vos,
1197 2899 1252 2962 in·

256 3023 288 3068 as
301 3007 435 3088 quienS,
449 3006 639 3070 recessistis
654 3005 697 3068 de
712 3005 783 3081 via,
797 3010 833 3067 et
846 3001 1151 3065 descandalizastis
1173 2999 1251 3081 plu·

302 3106 406 3169 rimos
420 3106 456 3169 in
470 3107 559 3188 lege,
570 3114 605 3170 et
617 3106 753 3169 irritum
765 3103 895 3167 fecistis
910 3110 1050 3185 pactum
1065 3121 1141 3164 cum
1154 3099 1252 3176 Levi,

302 3204 386 3269 dicit
400 3207 571 3269 Dominus
591 3207 817 3269 exercituum.
870 3202 1019 3284 Propter
1032 3201 1124 3284 quod
1139 3207 1174 3263 et
1188 3219 1253 3282 ego

302 3304 380 3368 dedi
393 3323 456 3369 vos
470 3304 721 3368 contemtibiles
740 3309 775 3365 et
797 3301 942 3364 humiles
957 3302 994 3364 in
1009 3302 1167 3364 omnibus
1190 3319 1253 3381 po-

302 3404 405 3486 pulis,
421 3405 511 3466 sicut
529 3423 599 3466 non
621 3402 786 3465 servastis
804 3400 877 3462 vias
900 3417 1006 3474 meas,
1022 3407 1057 3460 et
1071 3398 1254 3478 accepistis

258 3504 425 3569 adfaciem
450 3503 486 3565 in
510 3501 599 3583 lege.
652 3499 820 3581 Nunquid
849 3517 918 3560 non
941 3505 1040 3578 pater
1065 3514 1156 3558 unus
1180 3515 1254 3557 om·

303 3605 400 3668 nium
421 3603 602 3668 nostruml
625 3599 781 3680 nunquid
805 3617 874 3661 non
891 3596 987 3660 Deus
1013 3614 1103 3658 unus
1124 3594 1255 3657 creavit

303 3706 390 3769 nosl
444 3703 561 3782 Quare
584 3720 666 3780 ergo
689 3698 835 3781 despicit
857 3696 1093 3779 unusquisque
1113 3693 1255 3757 fratrem

303 3806 427 3868 suuml
480 3804 528 3867 Et
548 3802 685 3876 iterum,
710 3798 799 3862 Ecce
822 3798 938 3862 veniet
960 3796 1131 3860 Dominus
1156 3813 1257 3857 exer·

304 3905 444 3980 cituum,
468 3912 504 3968 et
527 3903 603 3984 quis
630 3899 758 3983 poterit
787 3897 940 3978 cogitare
963 3897 1052 3958 diem
1084 3894 1260 3957 adventus.

259 4019 290 4063 3⁵
305 4004 404 4088 ejusl
439 4011 474 4067 et
500 4003 577 4085 quis
601 4001 707 4064 stabit
736 3996 990 4062 adridendum
1016 3994 1120 4056 euml
1174 3990 1259 4071 Ipse

303 4122 1258 4152 .-.....-..---—-—---——----

542 4200 551 4230 ⁴
562 4203 598 4250 Et
609 4216 672 4251 nanc
684 4236 691 4251 .
706 4236 712 4250 .
726 4196 805 4259 .sucti
817 4195 895 4258 suat]
914 4195 969 4243 Om.
987 4192 1017 4242 V.

1044 4289 1065 4353 3
1082 4307 1105 4351 u
