3014 5046
493 483 667 531 nrsvonm
692 485 821 531 ornum.
1095 467 1137 530 13

181 637 237 700 sni
262 637 482 721 humanoque
505 641 619 717 fidem,
643 647 689 718 et,
712 641 849 724 abjecto
872 641 952 704 coeli
975 648 1011 704 ot
1034 648 1135 704 terra·

181 745 287 814 metu,
313 740 460 822 propriis
487 741 789 805 adinventionibus
812 741 963 822 aliquem
987 761 1032 805 ex
1057 741 1135 805 libi·

182 837 318 901 dinibus
342 840 441 920 rogii
496 841 611 921 Igitur
625 842 787 904 omittens
802 842 881 904 illos
894 841 1027 923 priscos
1042 861 1135 904 oom-

182 956 371 1020 munesque
394 959 471 1002 cum
494 941 652 1003 omnibus
673 940 833 1020 gentibus
849 959 994 1017 errores,
1011 941 1135 1022 quibus

153 1027 264 1101 sante
287 1039 474 1103 adventum
499 1039 686 1103 Christiin
709 1058 811 1102 carne
832 1059 932 1103 omne
947 1039 1136 1102 humanum

183 1156 293 1218 genus
308 1138 528 1219 obligabatur
542 1139 758 1215 adstrictum,
772 1159 835 1202 nec
851 1159 1057 1203 enumerans
1072 1159 1135 1222 pa-

183 1236 260 1299 triae
284 1244 447 1319 portenta
467 1238 543 1320 ipsa
568 1239 749 1315 diabolica,
774 1258 862 1321 pene
886 1259 1029 1303 numero
1058 1240 1135 1302 vin-

183 1337 724 1420 centiaAEgyptiaca,—quorum
733 1338 1136 1416 nonnulla,lineamentis

184 1435 296 1499 adhuc
316 1436 524 1501 deformibus
544 1439 637 1501 intra
652 1440 707 1503 vel
730 1445 832 1502 extra
850 1438 988 1503 deserta
1007 1441 1138 1503 moenia

141 1551 173 1596 ro
185 1536 287 1600 solito
302 1556 396 1600 more
412 1538 571 1618 rigentia,
588 1539 697 1602 torvis
712 1538 866 1603 vultibus
888 1539 1063 1602 intuemur
1076 1560 1138 1619 ;-

186 1655 298 1717 neque
320 1636 522 1701 nominatim
543 1638 764 1701 inclamitans
784 1645 919 1701 montes
943 1641 1051 1722 ipsoS,
1075 1645 1137 1702 aut

187 1733 299 1798 fontes
328 1736 384 1800 vel
414 1737 532 1813 eolles,
565 1744 627 1800 aut
658 1737 782 1800 fluvios
817 1737 900 1801 olim
931 1738 1138 1814 exitiabiles

188 1854 280 1897 nunc
301 1855 384 1899 vero
405 1835 564 1898 humanis
582 1837 701 1899 usibus
715 1836 831 1913 utiles,
853 1838 978 1919 quibus
1000 1837 1139 1900 divinus

188 1934 300 1998 honor
314 1955 336 2000 a
351 1954 444 1999 caeco
458 1943 542 1999 tunc
556 1936 685 2019 populo
695 1937 936 2000 cumulabatur
948 1958 956 2016 ;
971 1943 1006 2000 et
1020 1943 1139 2000 tacens

144 2045 175 2090 1⁵
189 2042 345 2099 vetustos
371 2035 572 2099 immanium
605 2043 831 2119 tyrannorum
859 2055 980 2113 armoe,
1016 2037 1076 2119 qui
1104 2036 1140 2099 in

190 2134 267 2198 aliis
288 2135 392 2216 longe
414 2136 536 2219 positis
558 2137 755 2217 regionibus
777 2136 912 2218 vulgati
927 2144 1020 2214 sunt,
1036 2137 1086 2200 ita
1101 2144 1140 2201 ut

192 2234 418 2317 PorphyriuS,
452 2236 591 2299 rabidus
628 2238 723 2300 oanis
762 2238 940 2300 orientalis
974 2237 1141 2300 adversus

191 2334 382 2412 ecclesiam,
407 2336 589 2398 dementiae
613 2355 685 2399 suae
709 2356 751 2399 ac
770 2337 937 2401 vanitatis
961 2336 1053 2421 stylo
1075 2337 1141 2399 hoc

192 2434 295 2497 etiam
310 2442 521 2511 annecteret,
546 2435 752 2499 ‘Britannia
766 2436 842 2512 est,'
858 2437 1030 2517 inquienS,
1054 2436 1142 2499 ‘ser-

146 2551 179 2598 ae
192 2533 262 2598 tilis
285 2534 465 2616 provincia
491 2535 741 2616 tyrannorum,’
766 2534 828 2596 illa
852 2542 968 2598 tamen
991 2534 1305 2630 proferreggpvthr

192 2634 343 2697 conabor
366 2633 403 2695 in
428 2633 590 2708 medium,
615 2652 693 2713 quae
722 2634 933 2713 temporibus
958 2636 1144 2715 imperato-

192 2753 269 2796 rum
294 2732 530 2795 Romanorum
551 2738 586 2795 et
600 2751 705 2814 passa
728 2738 781 2794 est
803 2738 838 2794 et
856 2732 932 2795 aliis
955 2732 1074 2795 intulit
1096 2733 1145 2796 oi·
1206 2739 1210 2746 '

193 2833 294 2897 vibus
320 2832 424 2914 longe
448 2830 571 2915 positis
597 2831 711 2911 mala;
742 2838 910 2913 quantum
936 2839 1052 2895 tamen
1082 2852 1145 2914 po·

193 2939 304 3008 tuero,
327 2952 396 2995 non
412 2939 485 2995 tam
501 2952 545 2995 ex
561 2933 740 3015 scripturis
758 2932 880 3013 patriae
896 2933 1146 3015 scriptorumve

148 3048 180 3092 25
195 3033 604 3115 monimentis-quippe
620 3052 710 3114 quae,
731 3033 787 3094 vel
802 3032 832 3094 si
847 3052 917 3114 qua
930 3032 1070 3110 suerint,
1085 3039 1146 3095 aut

194 3132 332 3212 ignibus
355 3133 507 3196 hostium
527 3140 664 3209 exusta,
686 3139 748 3196 aut
764 3133 890 3197 civium
907 3133 1021 3196 exsilii
1035 3133 1146 3197 classe

194 3231 333 3314 longius
344 3233 538 3315 deportata,
552 3253 622 3295 non
634 3240 1024 3316 compareant,-quam
1032 3240 1146 3296 trans·

232 3531 325 3604 ²Ex.]
344 3536 387 3598 Et,
398 3537 432 3585 Β.
450 3536 479 3585 V.
686 3535 828 3597 prophetia,
845 3536 889 3584 sed
901 3536 1014 3585 historia.
1051 3538 1148 3586 Adver-

233 3605 243 3633 ³
261 3607 367 3669 Igitun]
384 3607 468 3668 Igitur
479 3621 538 3667 non,
552 3607 584 3656 G.
686 3620 731 3655 sus
747 3607 824 3655 istum
844 3606 1016 3667 Hieronymus
1031 3609 1149 3668 exposuit

232 3674 243 3707 ⁶
262 3671 448 3744 Obligabatar.]
467 3676 612 3737 obligatur,
626 3675 660 3726 A.
686 3676 829 3738 Danielem,
846 3676 879 3728 A.
901 3692 980 3739 marg.
1016 3677 1069 3726 The
1090 3680 1148 3726 ‘ra-

140 3763 142 3769 ’
234 3744 358 3795 ⁶Potrioe
391 3747 523 3809 portenta]
560 3747 660 3797 Britan·
684 3747 761 3795 bidus
779 3747 862 3796 canis'
881 3747 910 3794 os
925 3747 967 3795 the
989 3751 1043 3795 text
1061 3748 1084 3795 is
1103 3763 1147 3809 ap-

198 3818 248 3866 niae
260 3818 337 3878 idola,
349 3815 382 3866 A.
393 3819 468 3877 gloss.
685 3817 800 3879 parently
807 3818 939 3865 borrovved
950 3817 1013 3865 from
1024 3819 1041 3867 J
1043 3818 1147 3866 erome's

233 3884 254 3917 ¹⁰
271 3887 410 3949 Rigentio]
428 3887 460 3934 Id
476 3890 524 3947 est,
540 3886 660 3947 sitientia,
685 3887 792 3936 Preface
804 3891 829 3935 to
842 3888 882 3935 his
893 3887 972 3934 Work
990 3887 1051 3936 ‘De
1063 3888 1147 3948 Scrip-

199 3957 232 4005 A.
242 3959 316 4018 glosa.
684 3957 780 4006 toribus
792 3956 999 4005 Ecclesiastieis.’

235 4023 254 4060 ¹⁷
270 4025 443 4090 Porphyrius]
453 4025 659 4086 Porphiriusiste
719 4023 740 4055 ²⁰
758 4020 869 4092 Tamen]
887 4026 1005 4085 Tantum,
1017 4025 1051 4073 Β.
1069 4025 1098 4074 V.
1110 4026 1139 4074 J.

199 4097 302 4157 quidem
317 4097 453 4145 haereticus
471 4096 529 4157 fuit,
552 4096 659 4156 ideoque
721 4092 741 4124 Ἃ
761 4094 877 4156 Basilii]
896 4095 1031 4156 exsulum,
1048 4096 1077 4145 V.
1089 4097 1118 4143 J.

198 4168 309 4215 nominat
325 4181 383 4215 eum
401 4167 504 4226 Canem,
522 4166 583 4226 quia
594 4167 660 4213 dixit
720 4161 740 4199 27
759 4164 937 4227 compareant]
967 4165 1020 4226 B.;
1048 4181 1148 4229 eompa-

199 4237 266 4296 quod
278 4236 410 4297 prophetia
421 4236 537 4283 Danielis
551 4236 660 4283 nonfuit
685 4240 748 4296 rent,
760 4235 792 4284 A.
