3014 5046
361 444 383 506 4
670 459 857 507 Panemo
880 457 1009 505 61666.

414 617 479 701 12.
504 616 631 699 Igitur,
657 617 734 680 Deo
749 616 897 692 volente,
923 634 1046 697 pauca,
1072 612 1209 677 (166116
1237 611 1315 676 Β11-

363 735 505 811 tanniae,
528 733 570 797 de
593 733 821 810 coutumacia,
838 733 880 796 de
896 731 1121 816 subjectione,
1141 729 1183 793 de
1206 728 1316 792 rebel-

364 851 467 927 lione,
493 850 535 912 de
559 850 711 912 secunda
736 849 949 934 subjectione
974 868 1014 911 66
1037 846 1111 910 (1116
1134 845 1317 921 famulatu,

365 967 407 1030 de
431 965 608 1047 religione,
632 966 674 1028 (16
698 967 947 1048 perseeutione,
971 963 1014 1027 de
1037 963 1167 1026 6666116
1187 968 1318 1043 marty·

366 1083 472 1158 ribus,
493 1082 535 1144 de
558 1081 704 1145 diversis
717 1081 918 1158 haeresibus,
933 1081 975 1143 de
991 1079 1162 1164 tyrannis
1176 1078 1219 1142 (16
1234 1078 1320 1140 (166-
1349 1102 1364 1145 s

366 1201 431 1262 bus
457 1198 617 1280 gentibus
632 1197 890 1274 vastatricibus,
917 1197 960 1260 de
983 1196 1095 1279 prima
1112 1194 1321 1270 vastatione,

368 1315 410 1377 de
423 1312 633 1389 defensione,
656 1311 699 1375 de
721 1313 872 1376 secunda
888 1313 1098 1389 vastatione,
1112 1312 1154 1375 (16
1170 1309 1322 1374 secunda

368 1429 511 1505 ultione,
539 1429 581 1491 de
606 1429 710 1492 tertia
733 1429 942 1505 vastatione,
969 1429 1011 1491 de
1033 1428 1136 1504 same,
1162 1427 1204 1490 de
1230 1425 1321 1510 epis-

369 1546 462 1623 tolis,
478 1545 521 1610 (16
535 1545 694 1622 victoria,
717 1546 759 1608 de
780 1545 979 1622 6661611666,
1003 1545 1046 1608 (16
1069 1543 1239 1608 666116116
1263 1562 1322 1605 66-

368 1663 440 1726 bito
456 1661 626 1738 hostibus
642 1662 684 1724 de
698 1660 832 1725 famosa
847 1669 955 1744 peste,
970 1661 1013 1725 de
1029 1660 1184 1738 consilio,
1199 1659 1242 1724 (16
1256 1678 1322 1722 666-
1337 1687 1370 1732 10

369 1778 464 1842 viore
479 1777 588 1841 multo
609 1777 728 1859 primis
744 1777 854 1856 hoste,
870 1778 912 1841 de
927 1776 1063 1840 urbium
1087 1774 1322 1851 subversione,

370 1895 412 1958 de
436 1893 602 1975 reliquiis,
628 1894 670 1956 de
694 1902 869 1975 postrema
891 1914 988 1976 pace,
1010 1914 1089 1975 quae
1110 1891 1323 1974 temporibus

371 2008 500 2074 nostris
517 2009 586 2073 Dei
600 2016 689 2072 nutu
702 2010 734 2072 61
749 2010 880 2073 (166616
895 2017 960 2086 661,
978 2009 1090 2072 dicere
1107 2028 1282 2073 66661661.

372 2300 410 2347 66,
428 2284 555 2344 inquiens,
578 2284 637 2332 talis
660 2284 785 2346 audacias,
806 2288 837 2332 61
862 2283 1325 2347 ginahabentem,etquecontrarium‚

373 2354 570 2402 interveridieas
578 2354 707 2403 rationalis
716 2353 835 2403 secundae
861 2369 935 2415 quem
954 2355 997 2402 ille
1017 2354 1096 2402 cruda
1114 2354 1251 2402 stoliditate
1275 2370 1324 2403 666-

374 2439 391 2473 6
408 2424 508 2472 nunciis
527 2424 690 2472 derivationis
707 2428 836 2472 creaturas
861 2429 934 2473 66166
956 2439 1006 2472 666
1024 2424 1132 2486 viderat,
1154 2423 1235 2484 digito
1262 2439 1324 2485 quo·

373 2509 423 2543 non
434 2494 597 2554 pertimescas
608 2495 733 2542 libertatis
750 2508 836 2543 aurete
861 2495 1004 2555 dammodo,
1015 2509 1161 2555 quanquam
1178 2495 1276 2554 ingrata
1293 2509 1324 2543 ae

372 2563 472 2612 (1666611
483 2567 543 2612 6616
563 2564 639 2625 16611,
650 2565 768 2612 affectum
785 2564 837 2613 sal-
861 2565 1008 2626 furibundo,
1018 2569 1044 2613 et
1055 2565 1159 2612 innoxia
1173 2565 1229 2624 ejus
1244 2564 1325 2613 latera

372 2638 423 2682 tem
446 2633 616 2695 intelligibilis
636 2634 715 2682 asinae
732 2634 948 2684 eatenuseontra
968 2637 1014 2696 jus
1036 2635 1127 2696 fasque
1154 2634 1263 2682 caedenti
1281 2634 1326 2682 de-

373 2703 483 2764 elinguis
495 2719 544 2751 666
559 2704 669 2766 refugito
684 2705 775 2772 spiritu
787 2705 838 2752 Dei
861 2707 1017 2754 monstravit.
1046 2705 1077 2752 In
1088 2705 1143 2752 zelo
1153 2705 1232 2766 igitur
1239 2703 1276 2770 (2,
1287 2700 1325 2767 4.)

374 2773 477 2833 afflatae,
504 2774 612 2821 nolentis
640 2788 667 2822 se
691 2764 851 2822 vehiculum!
897 2769 1326 2842 11311166]861661661661166616,

374 2842 427 2891 1616
441 2843 526 2890 tiarati
542 2843 611 2904 magi
626 2843 741 2891 devoturi
756 2808 851 2904 popu-i
866 2843 896 2892 V.
905 2844 934 2892 J.

375 2914 428 2961 lum
447 2912 508 2971 Dei,
530 2926 588 2971 quae
608 2912 634 2959 in
657 2916 765 2972 angusto
784 2927 838 2959 ma·
896 2905 1327 2978 δ166161616ὶὶ66.]1166161666,11.

375 2980 585 3029 ceriaevinearum
592 2981 730 3028 resolutum
738 2982 794 3042 ejus
801 2985 838 3028 61-
897 2979 1059 3044 ⁸Epistolis.]
1078 2981 1199 3040 Epistolis
1219 2981 1252 3029 ad
1264 2982 1329 3044 Agi-

375 3050 445 3098 trivit
460 3048 560 3110 pedem,
571 3050 603 3097 ob
621 3048 648 3096 id
663 3050 724 3096 licet
734 3051 839 3097 verbera
861 3051 935 3110 tium,
951 3051 979 3099 V.
986 3051 1008 3098 J
1010 3085 1016 3099 .

375 3118 500 3167 hostiliter
520 3118 635 3179 senserit,
650 3119 742 3178 cuique
762 3132 838 3179 ange·
897 3116 1125 3182 11Ρ666]Ρ6111(6
1135 3120 1249 3182 victorie,
1262 3122 1327 3173 VJ.

375 3189 429 3238 lum
441 3187 570 3236 coelestem
582 3202 784 3236 ensemvaeuum
795 3203 838 3237 va·
899 3186 919 3217 ¹³
938 3190 1080 3252 06666666]
1098 3189 1208 3252 Curabo,
1219 3191 1248 3243 J.

659 3654 828 3699 EXPLICIT
853 3654 1051 3703 PRAEFATIO.
