3014 5046
571 478 657 525 vrrs
680 477 809 525 suucrr
834 477 964 525 ernon.
1119 465 1245 528 xxxvii

292 644 372 720 post
384 637 552 709 immensa
574 636 729 718 pericula
744 643 779 701 et
801 635 978 699 assiduum
992 636 1167 716 laborem3
1192 656 1245 699 re-

293 744 406 799 meato
429 743 464 799 et
480 737 632 819 cupienti
655 736 793 814 habere,
810 736 925 799 uides
940 735 1102 804 concedo.
1156 736 1246 800 Des·

293 837 441 900 tinatum
457 844 511 901 est
532 837 624 900 enim
637 836 700 913 illi,
722 844 762 900 ut
782 836 923 912 habeat,
943 855 988 900 ex
1004 835 1070 899 hoc
1084 835 1248 917 praesenti

294 936 483 1000 miraculo.’
537 934 660 1000 Gildas
675 935 794 1016 itaque
815 933 1031 998 benedictam
1045 953 1249 1016 campanam

264 1049 283 1104 'e
295 1037 425 1118 recepit
447 1042 483 1099 et
504 1054 665 1099 reversus
688 1042 753 1111 est,
776 1042 812 1099 et
827 1040 1039 1117 reportatam
1054 1033 1091 1098 S.
1111 1031 1249 1097 Cadoco

296 1136 407 1216 gratis
421 1135 600 1217 impendit.
659 1133 816 1216 Recepta
830 1152 852 1197 a
865 1132 1023 1196 manibus
1039 1133 1174 1196 abbatis
1196 1133 1249 1195 in-

297 1234 412 1297 tonuit
423 1233 516 1298 illico
532 1234 683 1316 pulsata,
697 1232 948 1296 admirantibus
964 1232 1108 1297 cunctis
1149 1231 1251 1296 Unde

299 1333 465 1397 remansit
494 1334 652 1396 omnibus
675 1333 895 1417 portantibus
918 1351 981 1415 per
1003 1339 1114 1396 totam
1139 1330 1250 1395 Guel-

297 1432 379 1496 ham
396 1452 459 1515 pro
481 1433 627 1514 refugio,
650 1433 904 1515 etquicunque
931 1451 994 1515 per
1014 1432 1110 1496 illam
1132 1431 1252 1495 illicite

241 1551 287 1598 xro
294 1532 442 1616 juraret,
464 1539 527 1596 aut
547 1532 744 1614 privaretur
761 1533 890 1614 linguae
913 1530 1036 1611 officio,
1059 1538 1122 1595 ant
1144 1531 1252 1596 male·

299 1631 410 1698 factor
423 1631 590 1696 fateretur
601 1651 701 1696 suam
716 1631 879 1715 injuriam
893 1632 1068 1697 continuo.

352 1730 370 1812 §
393 1730 425 1794 8.
450 1729 609 1794 Cadocus
631 1732 739 1794 abbas
762 1730 1067 1795 Nancarbonensis
1097 1729 1416 1818 ecclesiaeuemuao

301 1829 440 1909 rogavit
455 1828 594 1892 Gildam
608 1830 782 1894 doctorem
796 1837 980 1910 utregeret
990 1829 1142 1891 studium
1153 1829 1253 1894 scho·
1265 1799 1407 1841 mmmm

302 1928 413 1992 larum
436 1948 499 2011 per
520 1930 603 1993 anni
625 1929 788 2011 spatium,
810 1936 847 1992 et
868 1935 1011 2009 rogatus
1034 1929 1124 1992 rexit
1146 1928 1253 1992 utilli-

259 2046 289 2092 ra
303 2047 408 2105 mum,
424 2029 690 2110 nulla-mercede
712 2035 850 2110 recepta
865 2047 887 2091 a
901 2027 1114 2091 scholaribus
1127 2036 1254 2109 praeter

303 2129 478 2191 orationes
491 2128 573 2191 cleri
587 2136 623 2191 et
637 2127 855 2192 scholarium.
883 2176 886 2182 .
903 2127 973 2191 Ubi
987 2128 1133 2210 ipsemet
1146 2129 1254 2211 scrip-

303 2227 350 2290 sit
376 2233 467 2309 'opus
498 2234 647 2309 quatuor
676 2227 990 2308 Evangelistarum,
1020 2228 1113 2315 quod
1133 2219 1255 2291 ¹adhuc

305 2333 459 2390 remanet
486 2327 522 2389 in
548 2327 694 2390 ecclesia
719 2326 755 2391 S.
780 2326 920 2404 Cadoci,
945 2347 1030 2391 auro
1053 2334 1088 2391 et
1110 2335 1255 2410 argento

305 2425 457 2508 undique
472 2433 684 2508 coopertum,
698 2425 742 2489 ad
764 2425 928 2490 honorem
944 2427 1012 2491 Dei
1029 2433 1064 2490 et
1078 2425 1256 2509 scriptoris

260 2548 294 2593 ao
306 2525 515 2588 sanctissimi
536 2532 572 2588 et
592 2525 872 2607 Evangeliorum.
924 2525 1060 2589 Tenent
1073 2526 1256 2590 Waleus'es

306 2624 478 2705 indigenae
506 2623 593 2686 illud
617 2625 778 2688 volumen
804 2623 1088 2710 pretiosissimum
1111 2625 1148 2687 in
1174 2644 1256 2687 con·

303 2722 538 2806 jurationibus
562 2722 645 2800 suia,
670 2742 733 2785 nec
761 2722 891 2785 audent
913 2724 1045 2805 aperire
1068 2721 1112 2785 ad
1138 2722 1257 2786 viden-

346 2924 355 2952 Β
373 2923 520 2987 duellum]
534 2921 764 2983 B.;Galliam,1l.
833 2917 853 2950 ¹⁹
871 2920 1086 2984 Coopertum.]B.,
1095 2921 1259 2983 Uebermom·

346 2991 357 3024 ⁹
369 2993 532 3057 Quicunque]
545 2991 772 3054 B.;quicquid,A.
796 2995 905 3052 partum,
916 2988 949 3038 A.

348 3061 368 3093 ¹⁰
382 3063 507 3126 duraret]
538 3062 702 3123 ‘Campanas
730 3062 774 3110 ba·
832 3056 852 3089 ²¹
877 3059 1110 3123 cmmemores]
1145 3061 1177 3109 In
1206 3053 1259 3110 bke

223 3148 231 3168 ⁶
308 3135 379 3196 julas
399 3132 428 3194 [ι’.
449 3148 470 3182 e.
488 3133 602 3194 portable
624 3130 712 3193 bells]‚
730 3131 774 3179 ba·
797 3143 900 3178 manner
911 3143 927 3178 a
938 3130 1022 3178 Saron
1035 3131 1192 3192 manuscript
1202 3146 1261 3191 pre·

312 3203 383 3252 culos
403 3217 503 3265 quoque
518 3203 544 3250 in
558 3202 683 3264 superiori
702 3206 774 3260 parte
798 3200 887 3247 served
904 3200 930 3246 in
946 3199 988 3246 the
1005 3198 1112 3261 Library
1124 3200 1152 3248 of
1161 3201 1260 3262 Corpus

313 3277 461 3333 numeratos,
483 3285 545 3320 auro
564 3275 590 3319 et
611 3275 716 3332 argento
734 3271 775 3318 vel
799 3263 1017 3329 Christi'College‚
1030 3269 1192 3331 Cambridge,
1200 3271 1261 3319 call-

314 3340 775 3402 aereeontectos,aliasquehujusmodi
799 3338 831 3385 ed
848 3338 916 3384 ‘The
932 3338 989 3387 Red
1004 3338 1075 3386 Book
1088 3339 1117 3386 of
1127 3341 1215 3400 Darby
1234 3342 1260 3388 in

314 3416 457 3459 sanctorum
479 3410 609 3470 reliquias,
637 3409 663 3455 in
685 3421 777 3468 magna
799 3406 841 3453 the
865 3406 953 3454 Peuke
976 3406 1005 3454 of
1023 3406 1191 3470 Darbyshire,

314 3480 455 3529 reverentia
468 3483 519 3525 tarn
536 3477 668 3525 Hiberniae
682 3480 707 3523 et
719 3476 777 3523 Sco·
800 3487 855 3522 was
870 3473 921 3521 had
939 3476 1068 3524 sometime
1091 3478 1117 3524 in
1140 3478 1203 3526 such
1223 3494 1261 3526 re·

315 3550 369 3609 tiae,
390 3563 466 3609 quam
489 3551 515 3594 et
535 3547 647 3607 Walliae,
668 3544 778 3605 populus
800 3557 905 3590 verence
928 3544 954 3590 iu
976 3544 1142 3607 Darbyshire,
1165 3547 1220 3594 that
1242 3549 1262 3595 it

316 3624 342 3667 et
358 3618 442 3667 clerus
459 3617 551 3664 habere
567 3616 658 3676 solent,
671 3615 735 3662 adeo
750 3619 778 3662 ut
801 3626 855 3661 was
863 3615 1002 3674 commonly
1010 3614 1124 3662 believed
1132 3616 1187 3663 that
1194 3615 1263 3664 who·

316 3691 473 3737 sacramenta
484 3685 627 3747 superhaec
641 3685 715 3745 longe
726 3698 778 3732 ma·
801 3697 889 3731 eoever
894 3683 985 3732 should
994 3698 1076 3733 swear
1083 3685 1187 3747 untruly
1194 3701 1262 3746 upon

317 3759 365 3819 gis,
388 3771 464 3818 quam
487 3770 564 3816 super
586 3753 736 3816 Evangelia,
754 3760 779 3803 et
800 3754 852 3802 thie
861 3754 929 3802 book
941 3753 1032 3803 should
1043 3769 1091 3802 run
1102 3756 1179 3805 med'
1208 3755 1263 3803 An·

317 3831 438 3888 praestare
456 3829 591 3875 vereantur
608 3829 634 3873 et
647 3825 778 3886 pejerare·
801 3824 872 3872 other
893 3825 1006 3873 instance
1028 3824 1057 3872 os
1075 3826 1117 3874 the
1142 3840 1263 3887 superna·

317 3896 418 3946 Girald.
439 3895 540 3945 Cambr.
562 3895 679 3944 Itinerar.
705 3894 779 3942 Cam·
801 3895 868 3941 tural
887 3908 973 3954 power
990 3893 1053 3942 with
1069 3895 1153 3943 which
1168 3896 1262 3943 certain

317 3966 389 4025 briae,
399 3966 443 4013 lib.
457 3978 476 4014 1.
487 3980 544 4026 cap.
556 3965 584 4014 ii.
802 3963 882 4009 books
900 3978 967 4011 were
986 3966 1114 4023 supposed
1132 3969 1158 4012 to
1175 3966 1207 4012 be
1226 3965 1263 4012 in·
1328 4017 1331 4021 ,

353 4032 373 4065 ¹²
391 4036 520 4099 codeces]
534 4035 604 4082 Here
612 4048 655 4082 are
663 4031 780 4081 resumed
802 4031 898 4092 vested,
914 4033 936 4079 is
952 4032 1072 4080 recorded
1089 4034 1124 4092 by
1141 4034 1264 4082 Giraldus

317 4106 360 4153 the
388 4109 499 4153 extracts
527 4104 602 4166 given
629 4104 663 4163 by
686 4102 780 4162 Usber,
803 4101 1067 4164 Cambrensis,1tiner.
1075 4102 1210 4167 Cambriae,
1218 4105 1263 4155 lib.

317 4189 344 4234 p.
356 4179 414 4236 468,
425 4174 509 4223 which
520 4173 629 4236 proceed
640 4177 665 4221 to
677 4173 719 4221 the
730 4172 779 4220 end
804 4184 821 4220 1.
834 4184 891 4230 cap.
903 4170 930 4219 ii.

319 4244 349 4291 of
356 4244 421 4306 §12
