3014 5046
363 446 406 509 32
671 458 843 508 maroam
870 460 1000 506 cinon.

364 616 524 680 naculum
556 615 703 679 nominis
733 615 796 678 tui.
849 615 896 679 Et
921 615 1045 678 iterum
1069 614 1152 678 dicit
1162 608 1174 678 ε’
1207 616 1317 694 Deus,

365 722 535 779 venerunt
548 722 670 796 gentes
687 715 724 777 in
736 713 972 778 haereditatem
984 721 1080 778 tuam
1093 734 1102 793 3
1118 715 1318 795 polluerunt

341 816 363 859 s
366 816 533 896 templum
555 821 713 877 sanctum
737 822 847 889 tuum,
864 819 929 876 etc.
983 812 1041 876 Ita
1055 820 1095 877 ut
1108 821 1242 877 cunctae
1258 834 1316 878 co·

363 913 491 976 lumnae
522 913 649 975 crebris
680 912 856 988 arietibus,
885 930 1071 993 omnesque
1098 913 1213 976 coloni
1238 933 1317 978 cum

364 1011 561 1094 praepositis
575 1011 742 1087 ecclesiae,
757 1030 835 1073 cum
853 1011 1088 1074 sacerdotibus
1111 1031 1152 1075 ac
1174 1012 1316 1094 populo,
1346 1037 1361 1081 s

363 1111 583 1175 mucronibus
605 1110 757 1191 undique
778 1111 997 1188 micantibuS,
1012 1129 1052 1173 ac
1075 1110 1220 1175 fiammis
1243 1131 1316 1175 cre-

364 1211 566 1292 pitantibus,
588 1210 690 1273 simul
714 1209 789 1272 solo
811 1216 1058 1285 sternerentur,
1076 1216 1111 1273 et
1132 1211 1318 1275 miserabili

335 1299 344 1317 ⁰
363 1310 494 1386 visu,in
507 1309 618 1371 medio
629 1309 833 1390 platearum,
839 1309 909 1370 ima
921 1309 1067 1371 turrium
1080 1309 1172 1373 edito
1178 1310 1317 1374 cardine

364 1410 572 1485 evulsarum,
587 1427 830 1488 murorumque
842 1408 1011 1470 celsorum
1028 1427 1128 1485 saxa,
1143 1428 1242 1472 sacra
1264 1409 1316 1472 al-

364 1508 465 1585 turia,
481 1508 687 1571 cadaverum
701 1507 825 1583 frusta,
839 1507 964 1569 crustis
979 1527 1019 1570 ac
1034 1507 1316 1589 semigelantibus
1329 1529 1361 1574 1o

363 1606 529 1688 purpurei
544 1606 674 1670 cruoris
695 1613 800 1683 tecta,
814 1606 911 1670 velut
928 1607 963 1669 in
978 1607 1127 1688 quodam
1146 1607 1316 1671 horrendo

364 1706 529 1770 torculari
551 1706 662 1769 mixta
680 1706 891 1783 viderentur,
915 1713 950 1770 et
973 1705 1069 1769 nulla
1091 1714 1183 1771 esset
1205 1707 1315 1771 omni-

363 1805 486 1882 modis,
503 1811 629 1887 praeter
649 1803 828 1868 horribiles
852 1805 1029 1868 domorum
1055 1807 1185 1883 ruinas,
1209 1806 1315 1870 besti·

365 1923 462 1967 arum
485 1905 730 1984 volucrumque
752 1912 903 1981 ventres,
925 1904 961 1966 in
985 1905 1098 1969 medio
1125 1905 1316 1987 sepultura,

366 2004 465 2068 salva
489 2010 688 2066 sanctarum
708 2004 900 2065 animarum
920 2005 1125 2082 reverentia,
1148 2005 1178 2068 si
1199 2011 1316 2068 tamen
1328 2024 1360 2069 ιε

366 2102 485 2165 multae
500 2103 651 2165 inventae
667 2102 748 2178 sint,
764 2121 842 2181 quae
866 2102 982 2164 arduis
1001 2102 1082 2166 coeli
1103 2103 1214 2186 perid
1229 2111 1314 2166 tem-

322 2264 329 2277 ,
365 2201 459 2281 poris
490 2219 512 2262 a
541 2199 670 2262 sanctis
704 2200 836 2280 angelis
865 2199 1091 2265 vehebantur.
1145 2201 1204 2266 Ita
1225 2203 1316 2266 enim

367 2299 639 2380 degeneraverat
653 2305 737 2361 tunc
749 2300 851 2362 vinea
864 2298 926 2361 illa
947 2300 1030 2362 olim
1053 2300 1145 2364 bona
1161 2302 1198 2363 in
1220 2319 1316 2366 ama-

369 2398 554 2461 ritudinem
567 2416 680 2474 versa,
704 2399 756 2460 uti
772 2417 862 2474 raro,
883 2399 1071 2462 secundum
1091 2399 1315 2482 Prophetam,
1403 2480 1407 2488 .

367 2498 541 2562 videretur
563 2496 663 2579 quasi
686 2503 766 2578 post
787 2505 922 2577 tergum
944 2498 1231 2563 vindemiatorum
1255 2506 1361 2564 autito

367 2616 556 2661 messorum
572 2615 727 2660 racemus
742 2604 803 2659 aut
816 2597 924 2678 spica.

202 2706 354 2796 diffiido?
430 2696 448 2780 ἕ
475 2697 530 2761 25.
568 2695 694 2777 Itaque
728 2695 886 2759 nonnulli
921 2696 1123 2761 miserarum
1152 2698 1314 2780 reliquia·

201 2807 336 2896 ffignhabit·
367 2815 443 2858 rum
467 2797 503 2858 in
528 2796 701 2859 montibus
727 2795 930 2876 deprehensi
960 2798 1146 2861 acervatim
1172 2797 1315 2881 jugula-

252 2884 257 2895 '
366 2896 513 2974 bantur;
530 2894 588 2958 alii
602 2893 692 2957 fame
707 2893 851 2956 confecti
869 2894 1082 2972 accedentes,
1096 2915 1220 2959 manus
1234 2896 1314 2959 hos-

366 2994 459 3056 tibus
484 2993 614 3056 dabant
638 2994 675 3055 in
701 3010 813 3055 aevum
839 2993 1012 3069 servituri,
1041 2994 1071 3055 si
1100 3000 1215 3057 tamen
1244 3014 1359 3061 nonas

365 3093 530 3155 continuo
562 3089 827 3166 trucidarentur,
865 3089 957 3170 quod
986 3091 1163 3155 altissimae
1192 3095 1316 3175 gratiae

364 3192 481 3254 stabat
510 3191 546 3252 in
575 3191 671 3268 loco;
706 3189 765 3251 alii
788 3190 1038 3253 transmarinas
1067 3194 1232 3273 petebant
1261 3213 1315 3257 re-

366 3290 497 3370 giones,
517 3309 595 3352 cum
610 3290 747 3351 ululatu
761 3307 888 3369 magno
910 3308 973 3352 ceu
996 3289 1213 3355 celeusmatis
1227 3291 1314 3371 vice,

365 3386 430 3451 hoc
458 3389 559 3453 modo
589 3390 653 3451 sub
676 3388 830 3452 velorum
855 3388 986 3450 sinibus
1009 3399 1209 3454 cantantes:
1242 3391 1314 3454 De-

365 3487 446 3551 disti
468 3508 530 3552 nos
552 3495 719 3569 tanquam
741 3506 823 3551 oves
845 3506 1014 3566 escarum,
1037 3496 1072 3553 et
1094 3490 1131 3553 in
1156 3490 1316 3572 gentibus
1329 3503 1361 3549 uo

366 3588 558 3669 dispersisti
586 3606 661 3664 nos,
688 3587 807 3650 Deus:
834 3586 894 3649 alii
919 3607 941 3649 a
964 3589 1137 3652 montanis
1160 3589 1316 3666 colhbus,

365 3686 554 3749 minacibus
578 3686 763 3768 praeruptis
786 3685 920 3762 vallati,
949 3693 984 3750 ot
1008 3687 1219 3751 densissimis
1247 3689 1317 3752 sal·

401 3912 413 3946 ³
426 3916 570 3978 Columna]
588 3916 710 3977 Coloniae,
722 3917 756 3965 Β.
773 3917 804 3966 V.
891 3913 910 3946 ¹⁹
922 3917 1091 3981 Proteum]
1109 3919 1282 3971 Is.xxiv.18.

401 3982 592 4048 ⁹Eculsurum.]
610 3986 719 4047 Avulso,
735 3986 765 4035 V.
889 3983 910 4016 ’Β
920 3987 1171 4050 Itaque.]SeeBeda‚
1177 3990 1213 4039 H.
1219 3991 1318 4055 ΕΜ.

400 4051 704 4125 ¹⁰Semigeuntibus.]n.;
716 4056 830 4118 sigillan-
889 4053 1041 4120 2⁹Dedisti]
1054 4059 1100 4108 Pe.
1111 4059 1177 4108 xlm
1189 4063 1230 4110 la.

367 4123 492 4185 tibus,·B.
890 4122 908 4153 ⁸¹
920 4124 967 4189 A]
983 4128 1038 4176 Om.
1056 4128 1085 4177 V.

401 4190 420 4222 ¹³
431 4193 593 4258 Horribiles]
615 4197 669 4244 Om.
684 4196 717 4245 B.
889 4191 910 4224 ³²
926 4195 1039 4259 Vallata]
1056 4197 1176 4260 uallatis,
1188 4199 1222 4248 Β.
1235 4199 1266 4249 V.
