3014 5046
360 480 403 542 54
674 490 846 538 arrsrom
869 489 999 536 eruum.

361 651 541 718 volueritis
564 656 599 714 et
621 648 798 712 audieritis
813 667 879 724 me,
893 649 986 711 bona
1002 653 1104 709 terrae
1127 646 1314 711 manduca-

361 753 454 817 bitis.
507 749 610 829 Quod
625 749 655 811 si
670 748 849 812 nolueritis
863 754 898 810 et
912 768 966 809 me
985 747 1257 828 provocaveritis
1271 747 1315 810 ad

362 851 588 926 iracundiam,
602 848 738 928 gladius
753 848 933 912 devorabit
946 866 1020 910 vos.

417 951 503 1034 §43.
525 949 685 1030 Accipite
709 967 867 1011 veracem
891 946 1147 1029 publicumque!
1160 943 1316 1026 adstipu-

365 1052 511 1114 latorem
520 1049 614 1125 boni,
625 1047 892 1130 maliquevestri
903 1045 1174 1121 retributionem,
1186 1045 1317 1125 absque
1345 1063 1361 1106 s

365 1150 437 1213 ullo
463 1148 671 1212 adulationis
696 1146 787 1224 luco,
806 1166 876 1209 non
900 1152 940 1208 ut
963 1145 1194 1228 parasitorum
1211 1163 1317 1208 vene·

366 1257 444 1312 rata
456 1255 650 1312 vestrorum
663 1266 797 1310 venena
818 1247 855 1308 in
874 1264 974 1308 aures
996 1245 1138 1308 sibilant
1151 1262 1224 1320 ora,
1247 1250 1318 1307 tes-

366 1354 510 1412 tantem.
564 1346 722 1427 Itemque
737 1346 781 1408 ad
800 1364 943 1426 rapaces
952 1344 1088 1428 judices
1110 1343 1318 1407 sententiam

366 1447 533 1529 dirigens,
547 1447 598 1509 ita
613 1445 749 1508 affatur.
793 1443 972 1526 Principes
987 1445 1038 1507 tui
1051 1442 1219 1520 infideles,
1233 1443 1320 1506 socii
1422 1478 1426 1485 ·

367 1546 495 1624 furum,
520 1564 638 1609 omnes
664 1544 814 1625 diligunt
837 1563 993 1620 munera,
1017 1549 1196 1606 sectantur
1219 1544 1364 1606 retri-ro

368 1647 540 1723 butioneS,
562 1644 694 1727 pupillo
716 1664 786 1707 non
801 1643 972 1727 judicant,
992 1662 1099 1706 causa
1112 1643 1226 1706 viduae
1249 1662 1320 1708 non

367 1746 561 1828 ingreditur
575 1744 619 1807 ad
634 1762 705 1807 eos.
757 1743 907 1826 Propter
920 1743 996 1820 hoc,
1011 1743 1062 1807 ait
1075 1743 1246 1807 Dominus
1257 1762 1320 1806 ex-

369 1846 549 1921 ercituum,
572 1843 671 1907 fortis
701 1842 824 1920 Israel,
856 1842 950 1919 Heu,
984 1842 1189 1906 consolabor
1217 1860 1322 1924 super

369 1945 525 2009 hostibus
548 1943 645 2020 meiS,
660 1948 695 2005 et
709 1942 910 2031 vindicabor
933 1941 975 2005 de
994 1942 1142 2005 inimicis
1164 1942 1262 2019 meiS,
1285 1952 1322 2008 et

369 2051 591 2108 conterentur
599 2042 759 2105 scelerati
772 2049 808 2105 et
820 2049 1019 2124 peccatores
1029 2041 1144 2119 simul,
1154 2048 1189 2105 et
1202 2061 1321 2105 omnes
1333 2061 1364 2106 11

370 2144 429 2225 qui
457 2142 713 2224 dereliquerunt
741 2142 929 2204 Dominum
961 2149 1217 2205 consumentur.
1274 2141 1322 2205 Et

369 2241 471 2318 infra,
497 2242 600 2305 Oculi
627 2240 783 2303 sublimis
807 2240 954 2304 hominis
979 2241 1262 2319 humiliabuntur,
1285 2248 1321 2304 et

368 2341 565 2405 incurvabit
601 2340 747 2404 altitudo
786 2340 948 2404 virorum.
1002 2341 1049 2405 Et
1085 2342 1223 2418 iterum,
1252 2340 1320 2406 Vae

369 2438 475 2522 impio
489 2441 525 2503 in
541 2439 681 2516 malum,
696 2438 877 2504 retributio
891 2441 982 2504 enim
995 2460 1159 2505 manuum
1175 2441 1250 2524 ejus
1262 2440 1322 2505 liet
1367 2446 1375 2459 ⁸

370 2541 413 2603 ei.
467 2541 513 2603 Et
527 2546 607 2622 post
618 2559 742 2622 pauca,
752 2540 818 2604 Vae
839 2542 899 2623 qui
923 2543 1131 2623 consurgitis
1152 2560 1254 2605 mane
1276 2541 1321 2606 ad
1333 2560 1367 2605 20

370 2641 570 2704 ebrietatem
590 2639 802 2719 sectandam,
818 2648 854 2705 et
875 2641 920 2705 ad
941 2642 1131 2724 potandum
1145 2660 1255 2725 nsque
1276 2641 1321 2705 ad

370 2758 563 2821 vesperam,
577 2747 618 2802 ut
630 2741 712 2804 vino
729 2741 896 2805 aestuetis,
951 2741 1105 2820 Cithara,
1124 2749 1159 2805 et
1175 2742 1263 2825 lyra,
1286 2748 1322 2806 et

371 2845 586 2922 tympanum,
602 2847 637 2902 et
651 2840 748 2916 tibia,
763 2848 798 2903 et
806 2842 924 2904 vinum
939 2840 976 2903 in
991 2841 1160 2906 conviviis
1175 2841 1320 2922 vestris3

371 2945 508 3020 etopus
529 2938 670 3001 Domini
691 2958 761 3001 non
783 2939 965 3020 respicitis,
980 2945 1016 3003 et
1029 2959 1135 3021 opera
1156 2960 1322 3004 mannum

372 3038 448 3121 ejus
464 3057 532 3100 non
545 3035 781 3100 consideratis
820 3036 1011 3119 Propterea
1024 3040 1183 3120 captivus
1196 3040 1322 3105 ductus
1334 3053 1367 3098 ns

373 3141 426 3197 est
449 3136 599 3217 populus
620 3154 729 3212 meuS,
743 3135 825 3218 quia
847 3156 918 3200 non
939 3136 1060 3200 habuit
1073 3137 1264 3215 scientiam,
1287 3147 1323 3204 et

372 3235 505 3298 nobiles
529 3235 603 3317 ejus
627 3235 832 3299 interierunt
852 3235 954 3313 fame,
979 3243 1015 3300 et
1035 3235 1221 3300 multitudo
1247 3239 1322 3322 ejus

373 3333 431 3396 siti
460 3335 608 3423 exaruit.
661 3333 852 3416 Propterea
880 3335 1041 3401 dilatavit
1064 3335 1219 3400 infernus
1246 3338 1322 3401 ani-

373 3451 465 3497 mam
478 3453 589 3510 suam,
611 3438 647 3496 et
670 3435 806 3515 aperuit
828 3454 867 3498 os
890 3453 991 3499 suum
1012 3437 1142 3518 absque
1161 3437 1233 3501 ullo
1251 3443 1321 3501 ter-

374 3532 480 3611 mino,
504 3540 539 3598 et
561 3533 769 3598 descendent
790 3534 897 3598 sortes
913 3535 1000 3618 ejuS,
1016 3542 1052 3599 et
1064 3536 1212 3621 populus
1234 3536 1321 3620 ejus,
1335 3552 1368 3598 so

375 3641 410 3695 et
432 3631 594 3697 sublimes
616 3632 825 3715 gloriosique
846 3633 921 3718 ejus
945 3635 989 3697 ad
1012 3655 1102 3698 eum.
1155 3636 1202 3699 Et
1219 3634 1322 3714 infra,

375 3729 441 3793 Vae
466 3731 525 3813 qui
551 3737 711 3813 potentes
739 3733 823 3797 estis
852 3733 897 3796 ad
925 3732 1110 3797 bibendum
1133 3735 1263 3812 vinum,
1287 3743 1323 3800 et

374 3828 440 3892 viri
463 3830 569 3893 fortes
592 3829 636 3893 ad
660 3830 868 3895 miscendam
891 3834 1103 3912 ebrietatem,
1124 3836 1183 3917 qui
1193 3835 1322 3918 justifi-

374 3929 460 3992 catis
484 3930 627 4011 impium
650 3950 714 4012 pro
742 3933 951 4009 munoribus,
980 3941 1016 3997 et
1040 3935 1214 4018 justitiam
1234 3933 1323 4017 justi

373 4029 516 4094 aufertis
529 4031 634 4093 abeo.
652 4030 800 4113 Propter
813 4032 890 4109 hoc,
905 4032 996 4097 sicut
1005 4033 1148 4099 devorat
1158 4035 1321 4117 stipulam
1335 4051 1366 4096 as

372 4125 492 4209 lingua
516 4131 608 4212 ignis
634 4138 669 4194 et
691 4132 786 4195 calor
809 4131 956 4195 flammae
990 4135 1117 4211 exurit,
1143 4133 1193 4197 sic
1220 4134 1321 4198 radix

373 4244 490 4318 eorum
505 4229 605 4310 quasi
619 4229 739 4294 favilla
761 4231 837 4309 erit,
850 4239 886 4296 et
899 4252 1039 4313 germen
1059 4253 1177 4298 eorum
1191 4239 1230 4296 ut
1244 4233 1321 4316 pul-
