3014 5046
629 468 800 518 nrrsronl
824 471 955 520 cicun.
1223 453 1266 518 81

310 624 440 690 inimici
455 624 499 691 ad
513 628 765 710 pugnandum?
818 624 864 692 Et
881 629 958 711 quis
978 647 1096 692 eorum
1111 629 1264 710 corporis

308 731 419 804 tactu,
434 729 560 791 mortui
572 728 704 795 scilicet
718 729 859 806 mundo,
876 729 1025 793 viventis
1041 736 1157 792 autem
1175 729 1261 806 Deo,

308 825 368 888 alii
381 827 519 892 diverso
533 827 654 892 funere
669 829 864 906 occubanti,
877 828 1103 911 proculdubio
1125 829 1261 894 mortuo

308 925 397 1003 Deo,
414 927 508 991 vitiis
530 948 612 992 vero
635 928 777 1005 viventi,
803 929 902 1010 quasi
927 928 1159 1010 supradictuS,
1180 949 1260 1011 pro-

278 1023 410 1104 sficiet,
433 1026 485 1091 ita
507 1035 547 1091 ut
560 1029 679 1091 statim
693 1027 875 1110 prosiliens
893 1027 1033 1092 Christo
1059 1033 1175 1108 grates
1196 1048 1260 1111 pro

307 1126 458 1191 sanitate
473 1136 557 1210 agat
571 1134 772 1191 cunctorum
796 1148 884 1211 pene
909 1122 1104 1191 mortalium
1126 1147 1185 1192 ore
1200 1119 1266 1192 de-'

307 1229 472 1307 speratal
525 1226 635 1311 Cujus
651 1247 768 1292 eorum
791 1229 938 1292 carbone
952 1227 1064 1309 ignito
1090 1227 1133 1291 de
1156 1227 1259 1292 altari

306 1323 435 1408 forcipe
467 1325 641 1391 Cherubin
664 1328 823 1406 advecto,
846 1334 885 1391 ut
911 1336 1056 1410 peccata
1077 1345 1142 1390 sua
1165 1328 1258 1392 dele·

304 1431 423 1488 rentur
445 1424 639 1491 humilitate
664 1427 901 1505 consessionis,
929 1428 1033 1505 labia,
1063 1433 1103 1490 ut
1129 1427 1257 1506 Esaiae,

259 1539 292 1587 m
304 1525 471 1591 mundata
493 1534 586 1604 sunt,
610 1535 646 1590 et
667 1525 796 1592 efficaci
821 1528 978 1592 oratione
1003 1527 1069 1591 sibi
1093 1526 1260 1611 adjuncta

303 1623 351 1707 pii
379 1626 472 1708 regis
497 1621 655 1690 Ezechiae
685 1628 968 1710 supplantatione
994 1632 1131 1690 centum
1161 1635 1258 1692 octo-

302 1723 402 1804 ginta
421 1725 572 1807 quinque
593 1726 702 1790 millia
723 1727 895 1790 exercitus
909 1725 1143 1809 Assyriorum,
1162 1726 1259 1792 nullo

303 1832 492 1905 apparente
507 1825 659 1890 vulneris
673 1826 834 1908 vestigio,
859 1826 975 1907 angeli
997 1843 1115 1901 manu,
1135 1831 1175 1888 ut
1198 1845 1257 1898 suf

301 1924 462 2004 pradicti,
484 1932 660 2007 prostrata
685 1929 793 1989 sunt?
846 1925 935 2003 Quis
958 1945 1076 1989 eorum
1099 1925 1142 1988 ob
1166 1914 1257 2006 praess

258 2037 288 2083 1⁵
302 2030 405 2106 cepta
430 2023 509 2102 Dei,
526 2032 562 2088 et
584 2025 696 2088 minas
717 2026 856 2089 coelitus
878 2025 991 2103 datas,
1006 2025 1256 2107 veritatemque

302 2123 358 2185 vel
380 2143 451 2188 non
476 2124 694 2189 audientibus
720 2125 973 2207 proferendam,
991 2124 1170 2207 squalores
1195 2145 1255 2207 pe·

303 2222 472 2307 doresque
489 2245 677 2303 carcerum,
705 2233 745 2289 ut
770 2232 1029 2289 momentaneas
1052 2233 1193 2301 morteS,
1216 2235 1256 2290 ut

303 2322 424 2387 beatus
441 2325 623 2402 seremias,
648 2327 809 2407 excepitl
863 2326 909 2388 Et
930 2345 973 2389 ne
992 2324 1113 2388 multa.
1166 2325 1255 2403 Quis

301 2431 487 2501 eorum„ut
501 2425 673 2505 Magister
685 2423 851 2488 Gentium
865 2424 965 2501 dixit,
980 2443 1095 2487 errare
1108 2424 1144 2485 in
1157 2444 1255 2488 mon-

253 2544 288 2589 ao
302 2522 406 2601 tibus,
420 2532 456 2586 et
477 2525 513 2586 in
541 2523 726 2606 speluncis,
742 2531 778 2586 et
799 2525 836 2586 in
858 2523 1016 2588 cavernis
1036 2530 1150 2597 terrae,
1166 2523 1255 2604 lapi-

301 2621 388 2699 dari,
405 2623 527 2699 secari,
542 2624 650 2686 totius
666 2623 787 2685 mortis
804 2641 929 2703 genere
947 2641 1010 2704 pro
1026 2621 1164 2684 nominc
1181 2621 1255 2684 Do-

300 2722 384 2785 mini
407 2723 584 2800 attentari,
609 2722 699 2785 sicut
723 2723 836 2785 sancti
857 2721 1049 2802 prophetae,
1072 2739 1255 2801 perpessus

301 2824 379 2885 esti

352 2921 439 3005 §Ja
474 2921 541 2986 Sed
570 2923 653 3005 quid
683 2923 905 2988 immoramur
932 2923 968 2986 in
997 2921 1164 3003 exemplis
1195 2941 1254 2984 vc·
1266 2936 1382 3025 ffimppe·

253 3043 286 3096 aa
302 3022 443 3100 teribus,
459 3024 531 3087 acsi
544 3044 615 3088 non
630 3031 746 3088 essent
767 3026 802 3088 in
827 3024 932 3088 Novo
949 3023 1044 3087 ullat
1097 3020 1254 3087 Audiant
1264 3037 1408 3127 {gam

299 3120 418 3204 itaque
433 3143 508 3201 nos,
523 3125 584 3206 qui
598 3126 728 3206 absque
750 3125 823 3188 ullo
845 3125 963 3188 labore
980 3129 1167 3205 angustum
1188 3122 1254 3185 hoc

300 3221 366 3285 iter
391 3221 599 3287 Christianae
624 3224 813 3305 religionis,
843 3230 1013 3304 praetento
1037 3229 1173 3287 tantum
1196 3241 1253 3286 sa-

300 3322 467 3386 cerdotali
501 3323 650 3398 nomine,
681 3323 810 3385 intrare
840 3340 878 3385 se
906 3328 1043 3403 putant,
1073 3328 1254 3403 carpentes

229 3455 235 3464 ·
300 3439 430 3503 paucos
455 3420 569 3496 flores,
594 3420 702 3483 veluti
733 3438 886 3482 summos
916 3419 958 3481 de
984 3418 1080 3483 Novi
1111 3426 1255 3481 extento

255 3541 287 3586 ao
301 3526 501 3583 sanctorum
513 3518 730 3583 Testamenti
746 3527 908 3601 tyronum
923 3537 1129 3599 amoenoque
1140 3524 1253 3598 prato.

301 3618 390 3696 Quis
416 3625 580 3696 vestrum,
603 3619 662 3700 qui
687 3619 832 3701 torpetis
854 3618 971 3700 potius
997 3636 1101 3699 quam
1126 3615 1254 3679 sedetis

299 3717 452 3800 legitime
474 3719 510 3782 in
538 3718 746 3783 sacerdotali
770 3718 864 3796 sede,
892 3718 1023 3802 ejectus
1046 3718 1088 3781 de
1110 3716 1254 3780 consilio

299 3818 493 3901 impiorum,
518 3825 598 3903 post
623 3819 836 3883 diversarum
862 3818 986 3901 plagas
1005 3818 1194 3899 virgarum,
1215 3823 1256 3879 ut

334 4113 476 4177 ⁸lilerium]
497 4085 603 4180 Mortui,
616 4120 649 4170 Β.
827 4115 846 4145 ²⁶
860 4114 950 4186 Nova]
969 4119 1053 4177 Nova,
1067 4117 1100 4166 Β.

335 4183 346 4215 ⁴
358 4182 439 4323 Dea}
456 4189 510 4236 Om.
524 4189 558 4238 Β.
825 4183 847 4223 ²7
859 4183 992 4325 Tantam}
1005 4189 1096 4249 Tanto,
1111 4187 1141 4235 Β.

337 4253 356 4284 '⁶
371 4256 424 4305 Vel.
458 4258 544 4320 Quod,
557 4259 590 4306 Β.
824 4256 843 4288 ³¹
859 4259 976 4320 Tovpetrs.
1010 4259 1137 4318 Torpens,
1151 4257 1183 4306 Β.

1046 4333 1104 4394 30
