3014 5046
337 431 424 496 xviii
737 441 909 489 rnnrncn.

388 604 470 681 don,
498 601 535 666 in
566 594 677 667 1525.Ι
732 598 807 662 The
841 591 1011 676 Preface,²
1039 597 1225 662 addressed
1255 605 1292 661 to

391 719 562 784 Cuthbert
591 716 765 793 Tunstall,
797 714 882 779 then
905 715 1037 798 Bishop
1072 715 1113 778 of
1134 710 1292 791 London,

390 835 535 900 informs
562 853 605 898 us
634 833 712 898 that
737 840 808 898 two
836 831 1068 927 manuscripts
1093 851 1184 896 were
1209 832 1292 894 used

390 952 426 1016 in
441 952 591 1034 forming
606 950 665 1015 the
679 956 776 1029 text3
803 947 881 1012 that
896 948 958 1012 the
972 947 1084 1012 editor
1097 941 1291 1012 corrected³

376 1104 455 1152 ¹The
476 1103 532 1152 title
554 1104 577 1151 is
600 1117 628 1151 as
651 1102 750 1150 follows
760 1115 804 1148 t·-
829 1101 899 1165 fecit,
920 1106 950 1150 ut
973 1101 1099 1163 placuerit
1123 1101 1224 1151 tandem
1246 1101 1292 1149 ali-

342 1173 432 1234 ‘Opus
443 1173 554 1221 Novum.
566 1172 660 1221 Gildas
667 1172 806 1220 Britannus
830 1172 932 1232 quando
944 1172 1052 1234 vulgari,
1063 1171 1104 1220 vel
1121 1186 1152 1220 ea
1168 1172 1201 1219 de
1212 1186 1291 1221 causa

342 1242 491 1302 monachus,
510 1242 553 1290 cui
571 1242 699 1301 Sapientis
710 1254 804 1300 cogno-
829 1246 859 1288 nt
869 1241 993 1289 dilaceret
1003 1241 1074 1288 fraus
1090 1241 1223 1289 nebulonis
1234 1256 1292 1303 pes-

342 1316 452 1360 mentum
463 1315 503 1358 est
516 1311 635 1371 inditum,
651 1310 685 1358 de
700 1308 805 1357 calami-
829 1311 897 1371 simi,
912 1311 959 1370 qui
975 1311 1065 1370 paucis
1083 1314 1141 1358 ante
1160 1311 1242 1372 annis,
1259 1327 1292 1359 ex

341 1385 403 1443 tate,
418 1381 528 1442 excidio,
545 1385 573 1428 et
592 1383 731 1440 conquestu
748 1378 806 1425 Bri·
830 1379 965 1441 cujusdam
977 1379 1101 1428 Gaufredi
1116 1380 1217 1440 scriptis
1235 1381 1292 1429 bre·
1322 1415 1325 1419 ψ

343 1451 446 1512 tanniae,
477 1465 553 1511 quam
584 1449 704 1510 Angliam
738 1461 805 1495 nunc
829 1450 937 1497 riarium
965 1452 1150 1511 composuerat,
1176 1449 1291 1510 illudque

342 1525 442 1582 vocant,
452 1525 541 1568 auctor
550 1523 667 1567 vetustus
684 1533 701 1566 a
719 1517 806 1565 multis
830 1517 916 1567 Gildae
939 1519 1067 1579 Sapientis
1088 1518 1153 1567 falso
1176 1534 1292 1581 compen·

342 1589 388 1638 diu
400 1589 567 1649 desideratus,
584 1586 806 1649 etnnperingra·
830 1587 900 1635 dium
912 1589 1055 1649 scripserat.
1091 1589 1178 1638 Quare
1189 1595 1228 1651 tu,
1242 1606 1292 1638 non

342 1659 406 1707 tiam
441 1658 477 1707 D.
506 1657 638 1706 Cuthberti
674 1656 806 1718 Tonstaili,
830 1658 1036 1719 modocodicem,
1054 1658 1100 1707 sed
1110 1659 1291 1708 etiamlaboris

343 1727 510 1777 londinensis
537 1727 659 1789 episcopi,
692 1727 806 1774 formulis
831 1729 927 1776 socium
939 1729 1041 1789 dedisti,
1057 1728 1207 1779 familiarem
1219 1734 1292 1778 tuum

344 1798 474 1847 excusus!
831 1797 969 1847 Robertum
980 1798 1118 1860 Ridleium,
1137 1800 1293 1848 sacerdotem

343 1910 346 1915 .
370 1866 524 1929 “Polydori
530 1867 636 1929 Vergilii
644 1865 807 1915 Urbinatisin
831 1883 889 1916 oum
905 1868 1046 1930 honestum,
1057 1873 1112 1916 tum
1126 1869 1152 1916 in
1166 1869 1294 1931 theologia

415 1937 520 1988 Gildam
529 1933 674 1998 Sapientem
683 1936 716 1985 ad
729 1935 807 1984 Cuth-
831 1938 972 1998 probatum.
1008 1938 1091 1987 Nobis
1105 1939 1184 2000 igitur
1195 1939 1292 1987 adrem

414 2007 513 2055 bertum
529 2006 695 2067 Tonstallum,
715 2004 808 2053 londi-
831 2009 968 2068 aggressis,
976 2007 1075 2055 codices
1082 2007 1158 2055 simul
1165 2008 1294 2057 conferen-

380 2125 382 2128 Α
414 2090 518 2124 nensem
548 2076 705 2136 episcopum,
736 2074 807 2122 Prae·
831 2076 900 2124 tibus
911 2090 942 2124 ac
953 2076 1293 2139 erratatollereconantibus,

415 2145 486 2195 tatio.
831 2159 900 2207 ecce,
921 2146 1006 2193 subito
1026 2144 1101 2206 longe
1128 2147 1293 2208 gravissimus

380 2213 498 2263 ‘Abhinc
526 2213 623 2273 aliquot
641 2227 730 2274 annos,
749 2227 807 2260 cum
831 2215 947 2275 obrepuit
968 2215 1056 2275 labor;
1081 2215 1295 2276 deprehendimus

345 2298 393 2345 ego
407 2299 447 2332 me
463 2283 497 2332 ad
515 2282 655 2330 Historiam
673 2283 808 2343 Anglicam
831 2284 897 2332 enim
920 2284 1010 2332 bonam
1036 2291 1134 2345 partem
1164 2300 1291 2335 sacmrum

346 2353 504 2402 scribendam
512 2352 649 2412 dedissem,
659 2354 766 2414 ejusque
771 2352 808 2399 rei
832 2354 1038 2416 testimoniorum,
1050 2355 1143 2415 quibus
1154 2360 1242 2405 auctor
1257 2357 1294 2404 ita

346 2438 425 2472 eausa
439 2423 598 2484 postmodum
615 2422 728 2470 Annales
745 2422 809 2470 assi·
832 2423 922 2485 utitur,
932 2427 962 2472 nt
973 2424 1105 2473 scribendo
1113 2439 1182 2486 saepe
1193 2427 1293 2476 desinat

345 2493 396 2540 dus
408 2493 558 2555 evolverem,
573 2492 625 2553 legi
641 2492 722 2552 primo
738 2492 808 2552 apud
832 2507 888 2542 esse
908 2507 980 2555 suus,
1001 2509 1051 2543 non
1074 2495 1212 2544 consentire
1235 2511 1293 2544 cum

346 2563 454 2624 Bedam,
468 2563 560 2611 deinde
571 2561 642 2622 apud
653 2561 809 2611 Gulielmnm
833 2564 887 2612 suis
898 2565 1037 2614 autoribus.
1072 2565 1138 2613 'l'nm
1144 2565 1295 2616 addubitare

331 2630 533 2694 'Nevvburgnm
557 2631 691 2692 quemdam
708 2631 809 2680 histori-
833 2633 968 2695 coepimus,
991 2634 1013 2682 si
1034 2634 1080 2683 illa
1098 2636 1135 2684 sic
1158 2641 1295 2699 manerent,

347 2717 415 2762 cum,
436 2703 535 2751 nomine
551 2701 665 2763 Gildam,
683 2702 810 2762 quondam
833 2703 904 2752 velut
914 2707 1008 2766 agnata
1018 2704 1129 2754 membra
1143 2704 1218 2754 facile
1234 2721 1296 2768 neg-

347 2773 464 2821 flebilitcr
496 2787 599 2822 suorum
632 2771 811 2819 Britannorum
833 2774 927 2822 lectum
938 2775 980 2835 iri,
995 2774 1035 2822 sin
1053 2775 1087 2822 ad
1101 2777 1205 2823 verbum
1222 2790 1295 2836 rspo-

348 2842 516 2890 calamitatem
522 2843 616 2902 pariter
622 2846 699 2901 atque
706 2846 811 2900 peccata
834 2846 960 2902 nerentur,
976 2838 1125 2892 nobis'istue
1136 2843 1294 2892 hauddubie

349 2912 503 2971 deplorasse.
546 2911 605 2960 Quo
635 2911 744 2970 cognito,
774 2909 811 2956 nil
834 2912 895 2959 vitio
917 2911 1005 2959 datum
1030 2912 1071 2973 iri,
1094 2912 1162 2972 qnod
1184 2913 1298 2965 aumoris,

349 2981 412 3028 mihi
430 2980 515 3040 potins
531 2977 590 3039 fuit,
607 2993 683 3038 qnam
698 2992 757 3026 enm
773 2979 811 3025 in-
834 2980 911 3029 verba
929 2981 1120 3042 mutaverimus,
1137 2981 1183 3041 qui
1199 2983 1233 3030 ad
1252 2997 1296 3032 ex-

349 3050 475 3110 vestigare
493 3052 630 3108 auctorem,
645 3061 720 3107 quern
738 3047 811 3095 nobis
833 3053 938 3098 tremum
958 3049 1040 3111 legem
1053 3051 1205 3111 jampridem
1220 3052 1297 3101 licro-

350 3119 495 3180 adjumento
517 3117 570 3165 fore
588 3119 643 3178 jam
660 3121 714 3164 tum
736 3117 811 3177 quasi
834 3133 890 3167 rum
905 3123 1018 3167 veterum
1036 3121 1231 3182 castigatoribus
1253 3123 1299 3171 da·

350 3203 396 3250 pro
412 3191 480 3236 certo
497 3187 656 3247 haberemus,
673 3187 718 3246 qui
736 3187 811 3248 longo
834 3193 886 3237 tam
905 3190 987 3236 secuti
997 3190 1118 3240 nonnulla
1131 3192 1297 3255 resecuimus,

350 3261 529 3318 posttempore
545 3256 647 3304 tandem
663 3255 725 3303 mihi
742 3269 811 3316 quas·
835 3257 980 3309 addidimus
1004 3263 1089 3308 autem
1117 3261 1190 3310 nihil.
1236 3261 1297 3323 Ipse

350 3327 415 3375 renti
426 3328 452 3375 in
463 3340 553 3374 manns
563 3325 661 3388 incidit,
672 3340 704 3373 ex
712 3341 774 3388 qno,
783 3329 812 3373 ut
835 3343 894 3377 vero
905 3334 1002 3390 postea,
1013 3334 1042 3377 ut
1052 3331 1141 3392 oratio,
1152 3346 1197 3391 per
1207 3330 1298 3393 hyper-

351 3411 438 3445 rerum
461 3396 550 3458 fatear,
572 3396 646 3458 longe
669 3396 812 3445 mehercule
835 3399 1017 3459 batonpassim
1036 3401 1181 3464 obscurata,
1199 3400 1298 3461 planior

351 3468 435 3516 minus
446 3468 503 3528 cepi
521 3467 629 3525 fructus,
648 3481 724 3526 quam
738 3470 813 3528 puta-
837 3472 914 3530 tieret,
925 3485 976 3518 uno
986 3470 1028 3518 vel
1038 3471 1117 3520 altero
1127 3472 1183 3520 loco
1192 3473 1298 3521 verbum

351 3552 415 3599 ram,
426 3537 547 3599 quoditie
565 3537 592 3584 in
609 3536 715 3586 historia
728 3537 814 3585 admo-
834 3539 937 3601 longius
947 3541 1059 3600 positum
1076 3542 1157 3603 magis
1176 3555 1301 3602 perappo-

352 3607 413 3656 dum
424 3608 507 3658 brevis
517 3606 602 3657 fuerit.
639 3607 675 3654 At
685 3610 723 3667 tu,
731 3608 814 3666 opime
838 3611 885 3658 site
896 3608 1030 3656 locandum
1046 3611 1143 3658 curavi.
1184 3610 1251 3657 Haec
1267 3610 1299 3657 de
1359 3630 1361 3634 ’

352 3678 479 3737 episcope,
491 3677 536 3736 qui
547 3675 656 3724 maxime
667 3675 814 3722 omniumin
837 3676 977 3739 opusculo;
1006 3678 1051 3725 sed
1073 3680 1128 3739 Jam
1158 3678 1192 3726 ad
1214 3679 1299 3739 ipsum

352 3759 406 3793 rem
427 3745 564 3794 literarium
586 3745 711 3804 agendam
737 3744 816 3791 conti·
838 3748 965 3795 auctorem
976 3746 1125 3796 veniamus!
1263 3742 1266 3748 ’

352 3819 439 3863 nester
472 3814 607 3873 incumbis,
634 3812 703 3860 haud
736 3813 816 3860 multo
872 3811 1056 3877 ³Concerning
1073 3815 1116 3864 the
1134 3815 1256 3865 Versions
1274 3818 1303 3867 ot

353 3889 411 3946 post
438 3883 544 3932 aiterum
566 3881 679 3930 codicem
700 3883 816 3931 omnibns
839 3880 881 3928 the
899 3882 1041 3944 Scriptores
1065 3885 1128 3935 used
1146 3886 1181 3946 by
1201 3886 1302 3950 Gildas,

353 3953 622 4016 vestigiisindagatum
630 3951 753 4012 reperisti.
774 3950 816 3999 Ita
840 3950 883 3999 the
904 3954 994 4002 reader
1015 3970 1074 4017 may
1096 3956 1195 4004 consuit
1220 3957 1303 4006 Arch-

353 4021 818 4072 tamavetsrisanctorisinventibrsvi
840 4020 930 4083 bishop
960 4023 1065 4074 Usher’s
1086 4026 1094 4053 ‘
1113 4027 1251 4076 Discourse
1277 4027 1307 4076 of

354 4094 389 4142 ad
399 4094 509 4142 omniurn
525 4094 646 4140 bonarum
662 4091 754 4139 artium
765 4095 818 4139 stu·
841 4090 883 4139 the
895 4092 1014 4155 Religion
1029 4095 1156 4158 anciently
1173 4096 1303 4157 professed

355 4163 554 4211 diosissimorum
576 4174 652 4209 sures
668 4160 744 4209 faede
762 4175 819 4222 per·
841 4160 876 4222 by
886 4161 929 4210 the
937 4162 1005 4212 Irish
1013 4165 1063 4214 and
1072 4166 1185 4229 British,'
1192 4182 1236 4230 pp.
1244 4171 1304 4216 524·

355 4233 432 4294 venit,
440 4236 588 4292 tantumque
599 4231 655 4292 ejus
664 4229 818 4280 desiderium
843 4234 901 4294 629,
913 4231 974 4282 edit.
988 4235 1089 4286 Cambr.
1102 4239 1174 4286 isso.
