3014 5046
330 455 352 516 2
636 461 824 509 PRAEFATIO
847 456 977 504 GlLDAE.

331 622 516 688 carissimis
542 621 609 684 mei
633 619 752 682 amicis
777 615 1038 699 imperantibus
1062 621 1101 677 ut
1130 612 1284 694 qualem-

332 759 468 821 cunque
484 737 597 820 gentis
612 732 824 800 Britannicae
837 730 1064 805 historiolam,
1079 728 1152 792 sive
1167 727 1285 792 admo·

333 854 560 919 nitiunculam
574 852 768 916 scriberem.

386 971 431 1035 In
453 971 526 1034 zelo
545 969 652 1051 igitur
665 967 787 1030 domus
802 963 953 1039 Domini,
978 981 1087 1024 sacrae
1112 961 1211 1042 legis,
1226 979 1288 1023 seu

336 1088 550 1169 cogitatuum
563 1085 767 1159 rationibus,
782 1080 839 1145 vel
853 1080 1000 1142 fratrum
1018 1076 1188 1159 religiosis
1210 1096 1288 1160 pre·
1318 1095 1333 1138 5

337 1205 433 1267 cibus
453 1208 605 1278 coactus,
621 1218 712 1262 nunc
733 1197 893 1281 persolvo
907 1195 1060 1258 debitum
1079 1193 1188 1257 multo
1202 1200 1289 1256 tem·

338 1339 422 1403 pore
434 1325 538 1381 antea
552 1323 714 1379 exactum
725 1334 734 1393 3
745 1313 815 1376 vile
831 1310 968 1393 quidem
984 1311 1088 1393 stylo,
1103 1310 1163 1374 sed
1179 1309 1290 1385 fidele,

342 1537 423 1597 ceptis
433 1534 578 1595 veracibus,
588 1537 614 1581 et
624 1533 728 1593 quidem
745 1532 801 1579 Deo
831 1531 1021 1579 intolerabiliter
1041 1535 1129 1591 utpote
1151 1530 1291 1591 praecipuo,

343 1604 656 1666 carissimum-quippe
682 1602 726 1650 cui
754 1602 802 1649 iter
831 1601 893 1648 mihi
915 1615 1016 1661 quoque
1040 1601 1100 1649 licet
1122 1601 1229 1662 abjecto,
1250 1605 1291 1648 ut·

342 1677 469 1725 levissime
486 1677 592 1723 stratum
610 1672 731 1734 profundi
750 1671 803 1732 gla-
832 1685 931 1732 cunque
943 1671 976 1719 ad
988 1670 1118 1720 cumulum
1129 1670 1222 1719 doloris
1238 1685 1292 1718 cre·

341 1761 386 1795 rea
397 1745 479 1794 Maris
496 1744 586 1804 Rubri,
602 1744 676 1792 cibus
692 1743 804 1790 coelestis
832 1742 927 1802 scebat,
949 1741 1010 1789 dum
1035 1741 1072 1788 ita
1098 1740 1200 1788 eosdem
1222 1744 1291 1788 statu

344 1816 429 1878 panis,
439 1819 515 1876 potus
531 1827 612 1862 novus
628 1827 660 1860 ex
676 1827 741 1873 rupe
752 1813 806 1860 via·
832 1825 952 1872 prospero
970 1811 1083 1859 viventes
1100 1811 1215 1871 egregios
1233 1810 1291 1858 lux·

345 1891 393 1947 tor,
411 1885 554 1948 [viatorius,
570 1883 613 1947 V.]
626 1882 695 1931 acies
711 1882 806 1930 invicta
833 1885 897 1943 erat,
923 1885 952 1929 ut
974 1882 1078 1941 diceret,
1100 1879 1291 1929 ‘Candidiores

342 1970 463 2003 manuum
496 1955 550 2002 sola
583 1953 683 2001 intenso
714 1952 807 2000 erectio
834 1951 954 2000 Nazaraei
978 1952 1034 2012 ejus
1056 1951 1123 2011 nive,
1145 1950 1292 1998 rubicundi-

345 2020 494 2092 [erectione,
514 2023 557 2084 V.]
580 2022 808 2082 fuerit-bestiis,
833 2034 889 2068 ores
900 2021 974 2068 ebore
985 2021 1097 2082 antiquo,
1106 2020 1225 2082 sapphiro
1236 2021 1293 2080 pul·

343 2095 418 2154 serro,
442 2092 496 2154 igni
520 2106 566 2152 per
583 2091 687 2139 Arabiae
707 2090 808 2138 deserta
833 2089 962 2137 chriores.'
1004 2089 1059 2137 Ista
1077 2105 1125 2150 ego
1145 2090 1232 2152 [enim,
1248 2090 1292 2153 V.]

345 2162 453 2223 sparsim
472 2161 612 2220 cecidisse3
638 2163 696 2219 post
711 2159 807 2220 ingres·
833 2163 859 2206 et
880 2159 961 2206 multa
982 2157 1033 2206 alia
1054 2160 1133 2206 veluti
1160 2161 1294 2219 speculum

345 2246 402 2281 sum
418 2231 512 2292 ignotae
531 2229 584 2278 acsi
605 2228 726 2278 Jordanis
750 2243 808 2288 por·
834 2228 961 2288 quoddam
978 2228 1039 2276 vitae
1058 2233 1150 2276 nostrae
1169 2229 1195 2275 in
1209 2228 1294 2291 Scrip-

344 2305 389 2362 tae,
411 2299 532 2359 urbisque
562 2298 669 2347 adversa
702 2297 807 2359 [ignotae
834 2298 898 2345 turis
913 2298 1049 2346 Veteribus
1074 2299 1174 2346 intuens
1192 2313 1295 2347 conver-

344 2374 419 2418 terrae
437 2383 467 2417 ac
485 2368 594 2416 fluminis
604 2367 734 2429 Jordanis,
751 2382 808 2428 por·
834 2368 905 2416 tebar
915 2368 991 2428 etiam
1008 2367 1042 2415 ad
1059 2368 1156 2429 Novas,
1167 2371 1193 2416 et
1206 2369 1243 2417 ibi
1259 2370 1296 2417 le·

346 2443 386 2487 tas
392 2439 463 2487 urbis
470 2438 636 2499 adversaque,
649 2437 692 2499 V.]
704 2439 808 2500 moenia,
835 2439 924 2498 gebam
932 2437 1036 2499 clarius,
1047 2453 1105 2498 quae
1117 2438 1179 2486 mihi
1189 2437 1294 2487 forsitan

347 2510 408 2558 solis
423 2508 541 2556 tubarum
557 2508 719 2570 clangoribus
731 2509 808 2569 J'ussu
835 2511 910 2555 antea
925 2508 1033 2556 obscura
1049 2508 1158 2569 fuerant,
1178 2512 1292 2557 cessante

348 2579 400 2627 Dei
417 2579 538 2637 subruta3
555 2578 686 2639 palliolum
701 2579 808 2639 aurique
835 2578 925 2626 umbra
943 2592 973 2626 ac
991 2579 1097 2626 veritate
1119 2579 1214 2626 firmius
1236 2577 1293 2626 illu·

350 2663 440 2710 parum
460 2648 492 2695 de
512 2646 669 2696 anathemate
686 2662 808 2708 praesum·
836 2652 959 2697 cescente.
1011 2648 1148 2710 Legebam‚
1182 2648 1294 2708 inquam,

348 2723 403 2767 turn
418 2719 511 2767 multos
528 2718 663 2778 stravisse3
681 2717 810 2767 Gabaoni-
836 2719 973 2766 Dominum
1000 2718 1106 2780 dixisse,
1134 2718 1210 2766 ‘Nou
1236 2718 1295 2765 veni

348 2793 432 2836 tarum
448 2788 547 2836 irritum
562 2787 658 2849 foedus,
669 2788 808 2837 calliditate
836 2789 886 2835 nisi
902 2787 936 2836 ad
953 2800 1013 2835 oves
1025 2789 1138 2848 perditas
1150 2787 1239 2835 domus
1256 2787 1295 2836 Is-

349 2858 410 2906 licet
431 2861 566 2917 extortum,
589 2857 716 2904 nonnullis
743 2858 810 2905 intu-
835 2857 908 2906 rael!
942 2858 1146 2918 Etecontrario,
1162 2856 1240 2904 ‘Filii
1250 2872 1296 2905 au·

349 2927 412 2976 lisse
430 2927 546 2988 exitium,
564 2927 596 2974 ob
613 2930 718 2987 peccata
731 2925 810 2974 homi-
836 2932 886 2974 tem
897 2926 969 2987 regni
980 2925 1057 2988 huJus
1068 2927 1201 2987 ejicientur
1217 2926 1243 2972 in
1259 2931 1296 2975 te·

351 3010 412 3043 num
436 2997 556 3056 querulas
584 2999 727 3043 sanctorum
754 3009 811 3055 pro-
837 2995 928 3042 nebras
946 2996 1099 3054 exteriores,
1116 2995 1152 3042 ibi
1163 2995 1211 3042 erit
1222 2995 1296 3044 fletus
1391 3038 1395 3045 .

352 3063 486 3126 phetarum
496 3076 570 3112 voces
581 3067 612 3117 ‚et
627 3063 735 3111 maxime
747 3063 811 3111 Hie·
837 3069 862 3112 et
878 3063 970 3112 stridor
983 3064 1116 3114 dentium!
1151 3065 1185 3111 Et
1195 3065 1297 3126 iterum,

351 3134 438 3183 remica
449 3134 547 3181 ruinam
559 3133 669 3181 civitatis
680 3145 734 3180 suae
748 3148 811 3193 qua·
837 3133 914 3181 ‘Non
932 3138 971 3181 est
988 3134 1082 3182 bonum
1098 3134 1186 3182 tollere
1205 3149 1297 3195 panem

352 3203 463 3263 druplici
494 3203 638 3264 plangentis
666 3201 809 3262 alphabeto.
837 3203 1297 3268 liliorumetmittereeanibus.’1tem,

351 3272 526 3334 videbamque
548 3272 625 3320 etiam
646 3275 730 3321 nostro
749 3276 811 3321 tem·
838 3273 902 3322 ‘Vae
913 3274 986 3321 vobis
1005 3274 1100 3323 Scribas
1121 3278 1146 3322 et
1168 3274 1297 3323 Pharisaei

351 3356 421 3403 pore,
440 3347 470 3390 ut
489 3341 531 3390 ille
551 3341 694 3404 defleverat,
711 3341 810 3391 ‘Solam
837 3343 995 3404 hypocritae!
1031 3344 1183 3406 Audiebm,
1201 3343 1298 3393 ‘Multi

350 3411 448 3460 sedisse
458 3413 547 3460 urbem
557 3412 671 3473 viduam,
682 3417 757 3460 antea
767 3428 811 3474 po·
839 3414 871 3461 ab
882 3414 976 3462 oriente
988 3417 1014 3462 et
1024 3415 1153 3463 occidente
1161 3415 1262 3463 venient
1273 3419 1298 3463 et

351 3481 420 3542 pulis
431 3480 541 3544 plenam,
553 3482 665 3543 gentium
676 3481 811 3544 dominam,
838 3484 984 3532 recumbent
995 3499 1052 3533 curn
1063 3484 1202 3546 Abrabam,
1213 3485 1298 3546 Isaac,

351 3552 489 3613 principem
502 3552 697 3614 provinciarum,
710 3553 757 3600 sub
768 3555 812 3601 tri·
839 3557 865 3602 et
875 3554 957 3603 Jacob
968 3554 994 3600 in
1005 3568 1082 3616 regno
1090 3555 1212 3603 coelorum
1220 3554 1236 3614 ;'
1247 3558 1297 3603 ete

351 3621 413 3669 buto
428 3621 508 3670 fuisse
525 3621 637 3683 factam}
649 3620 688 3686 (id
704 3626 752 3684 est,
763 3623 812 3672 Ec·
839 3624 949 3685 diverso,
961 3624 1009 3671 ‘Et
1019 3628 1080 3671 tunc
1091 3624 1174 3673 dicam
1183 3625 1229 3684 eis,
1237 3623 1298 3672 Dis·

352 3686 477 3751 clesiam,)
511 3689 695 3738 ‘obscuratum
721 3705 812 3740 numm
840 3693 922 3740 cedite
936 3707 1002 3741 ame
1019 3695 1128 3754 operarii
1138 3693 1299 3754 iniquitatis?

352 3757 510 3818 coloremque
532 3759 653 3818 optimum
670 3762 813 3823 mutatum‚'
840 3762 977 3824 Legebam,
1005 3763 1110 3812 ‘Beatae
1139 3764 1246 3824 steriles,
1273 3767 1299 3812 et

353 3825 433 3891 (quod
469 3830 516 3887 est,
538 3827 617 3875 Verbi
650 3827 702 3876 Dei
730 3831 813 3891 splen·
840 3833 989 3892 uberaquae
1001 3833 1299 3894 nonlactaverunt3’ete

352 3892 460 3959 dorem,)
488 3896 570 3945 ‘filios
598 3897 676 3959 Siou,’
705 3897 744 3963 (id
766 3906 813 3963 est,
841 3902 1300 3963 contrariofuuaeparataeerantin·

352 3963 813 4030 sanctaematrisncclesiae,)‘inclitos
841 3975 971 4019 traverunt
998 3986 1055 4020 cum
1078 3988 1108 4021 eo
1127 3974 1161 4021 ad
1188 3973 1299 4033 nuptias,

352 4041 378 4084 et
388 4037 493 4085 amictos
505 4051 567 4085 auro
578 4039 813 4100 primo‚'amplexa-
841 4045 930 4101 postea
946 4047 1068 4090 venerunt
1085 4047 1111 4091 et
1128 4043 1233 4102 reliques
1251 4043 1301 4089 vir-

351 4110 391 4154 tos
403 4106 483 4156 fuisse
495 4111 613 4158 stercora.
651 4110 686 4156 Et
697 4110 766 4169 quod
774 4110 812 4158 illi
842 4111 913 4171 gines
926 4111 1047 4172 dicentes,
1055 4111 1173 4173 Domine,
1183 4111 1303 4174 Domine,

387 4234 482 4287 ¹Man
503 4239 602 4300 Mar.
828 4238 832 4304 Ι
883 4237 1003 4308 rupa]
1025 4243 1079 4290 om.
1097 4243 1127 4292 V.
1140 4245 1167 4291 J.
