3014 5046
351 429 416 492 116
666 439 838 488 mussona
861 437 991 486 ernon.

351 601 499 681 impura,
524 615 594 660 non
618 595 755 676 probati
777 594 813 656 in
828 594 932 669 bono,
955 591 1067 656 sedin
1088 591 1182 656 mulo
1204 609 1308 673 opere

353 697 506 783 praesciti
526 695 774 770 ministrantes
803 701 838 758 et
865 694 1046 756 innumera
1073 692 1219 757 crimina
1244 690 1309 756 ha·

353 800 486 873 bentes,
510 813 610 858 sacro
635 793 825 858 ministerio
847 793 1096 856 adsciscantur.
1148 789 1309 856 Audistis

355 899 458 962 etiam
480 896 540 958 illo
560 895 628 971 die,
651 913 720 976 quo
742 893 852 956 multo
873 893 1012 975 dignius
1034 892 1212 974 multoque
1235 910 1310 954 rec·

355 997 425 1061 tius
449 1001 535 1071 erat,
565 1000 605 1057 ut
629 994 673 1057 ad
701 1012 872 1057 carcerem
903 991 958 1056 vel
985 993 1159 1057 catastam
1185 1008 1355 1074 poena-s

355 1096 435 1171 lem,
458 1114 562 1176 quam
578 1093 621 1156 ad
644 1093 886 1169 sacerdotium,
909 1090 1141 1168 traheremini,
1157 1091 1311 1154 Domino

357 1195 560 1269 sciscitanti,
580 1212 682 1274 quem
703 1213 741 1256 so
763 1211 838 1255 esse
856 1199 1019 1273 putarent
1042 1191 1214 1273 discipuli,
1241 1189 1311 1254 Pe-

358 1301 449 1358 trum
468 1292 708 1375 respondisse3
730 1291 786 1354 Tu
800 1311 838 1355 es
856 1291 1015 1355 Christus
1037 1291 1129 1354 filius
1145 1291 1214 1354 Dei
1227 1290 1311 1366 vivi,

358 1395 458 1476 eique
472 1392 659 1456 Dominum
676 1411 739 1472 pro
754 1391 818 1454 tali
832 1391 1046 1455 confessione
1059 1391 1201 1467 dixisse,
1220 1390 1312 1453 Bea-

359 1501 416 1558 tus
431 1512 468 1555 es
491 1491 610 1555 Simon
633 1491 799 1574 Barjona,
820 1492 902 1573 quia
924 1510 1004 1554 caro
1026 1496 1062 1555 et
1083 1490 1228 1572 sanguis
1242 1508 1313 1554 non
1326 1503 1358 1549 ιο
1379 1567 1384 1574 Ι

359 1592 529 1656 revelavit
550 1591 624 1667 tibi,
646 1591 706 1654 sed
729 1590 837 1654 Pater
853 1609 963 1666 meus,
983 1591 1043 1671 qui
1064 1591 1101 1653 in
1120 1589 1220 1653 coelis
1246 1595 1312 1653 ost.

361 1693 455 1773 Ergo
470 1690 598 1755 Petrus
620 1710 642 1755 a
665 1690 742 1754 Deo
764 1690 872 1754 Patre
894 1692 1029 1766 doctus,
1053 1696 1146 1754 recte
1170 1687 1314 1753 confite·

361 1798 419 1855 tur
442 1790 629 1854 Christum.
682 1789 758 1854 Vos
772 1796 888 1853 autem
910 1790 1032 1853 moniti
1047 1809 1069 1853 a
1082 1795 1182 1871 patre
1197 1795 1314 1852 vestro

361 1891 500 1955 diabolo
528 1890 645 1972 inique
676 1889 892 1955 Salvatorem
921 1889 1022 1952 malis
1050 1889 1186 1952 actibus
1210 1887 1315 1951 dene-

361 1991 466 2072 gatis
517 1988 612 2053 Vero
646 1988 817 2052 sacerdoti
852 1989 988 2066 dicitur,
1021 1987 1078 2050 Tu
1107 2007 1144 2051 es
1175 1987 1315 2064 Petrus,
1327 2002 1360 2048 rs

362 2097 398 2154 et
413 2108 517 2170 super
533 2087 625 2152 hanc
640 2095 773 2170 petram
789 2088 966 2152 aedificabo
983 2087 1175 2151 Ecclesiam
1188 2105 1314 2150 meam.

363 2188 440 2253 Vos
470 2188 607 2295 quidem
635 2186 874 2251 assimilamini
896 2188 971 2252 viro
997 2187 1118 2265 stulto,
1144 2186 1204 2269 qui
1232 2186 1316 2250 aedi·

363 2287 481 2351 ficavit
502 2287 640 2350 domum
662 2305 761 2349 suam
784 2305 888 2370 super
907 2306 1060 2351 arenam.
1111 2285 1316 2350 Notandum

363 2407 446 2468 ergo
469 2394 535 2463 est,
557 2386 649 2468 quod
671 2386 911 2467 insipientibus
932 2388 969 2451 in
991 2384 1196 2450 aedificanda
1213 2385 1316 2449 domo

319 2566 322 2571 ι
363 2505 547 2550 arenarum
573 2485 731 2568 pendulae
757 2487 943 2551 mobilitati
963 2487 1134 2551 Dominus
1160 2504 1231 2550 non
1247 2504 1315 2549 ‘co-
1328 2498 1362 2546 ao

364 2592 537 2668 operetur,
565 2585 753 2650 secundum
780 2586 878 2664 illud,
906 2587 1079 2650 Fecerunt
1107 2585 1174 2649 sibi
1202 2603 1315 2666 reges,

365 2693 401 2749 et
414 2706 484 2749 non
501 2705 564 2767 per
581 2705 648 2750 me.
700 2684 894 2769 Itidemque
909 2686 1002 2769 quod
1023 2685 1179 2768 sequitur
1195 2683 1316 2748 eadem

365 2792 470 2849 sonat
494 2785 650 2862 diceudo,
682 2785 729 2848 Et
759 2793 869 2867 portae
895 2785 1021 2849 inferni
1049 2805 1119 2848 uon
1147 2784 1317 2866 praevale·

365 2885 465 2961 bunt,
485 2884 629 2967 ejusque
651 2894 795 2966 peccata
817 2884 1070 2966 intelliguntur.
1123 2884 1178 2948 De
1200 2891 1318 2948 vestra

366 2983 449 3063 quid
479 2983 648 3046 exitiabili
671 2993 846 3050 structura
873 2985 1147 3065 pronunciaturl
1199 2983 1363 3048 Veners
1448 3003 1450 3006 ·

366 3088 447 3144 runt
470 3080 613 3143 flumina
641 3087 677 3144 et
702 3083 875 3149 flaverunt
902 3083 1011 3159 venti,
1040 3089 1075 3146 et
1100 3082 1318 3165 impegerunt

364 3181 402 3244 in
432 3181 570 3243 domum
598 3179 705 3258 illam,
735 3190 770 3247 et
798 3182 933 3259 cecidit,
962 3188 998 3245 et
1023 3180 1090 3245 suit
1114 3183 1218 3246 ruina*
1241 3183 1319 3266 ejus

365 3298 504 3361 magna.
570 3278 677 3344 Petro
705 3282 927 3366 ejusdemque
952 3283 1207 3346 successoribus
1235 3282 1320 3346 dicit

367 3379 551 3461 Dominus,
581 3388 616 3442 et
644 3381 707 3444 tibi
737 3381 827 3447 dabo
858 3382 973 3446 claves
1005 3383 1104 3464 regni
1131 3382 1317 3460 coelorum3

368 3479 465 3542 vobis
488 3498 582 3555 vero,
605 3500 675 3543 non
690 3484 771 3546 novi
787 3503 861 3559 vos,
884 3481 1085 3545 disceditea
1102 3502 1157 3545 me
1171 3481 1367 3563 operarum

365 3577 571 3660 iniquitatis,
584 3588 624 3642 ut
638 3583 791 3662 separati
806 3583 955 3645 sinistrae
970 3581 1080 3662 patris
1102 3600 1180 3645 cum
1193 3579 1320 3658 hoedis,

367 3677 455 3741 eatis
477 3678 513 3739 in
537 3678 653 3758 ignem
674 3687 852 3745 aeternum.
905 3681 1063 3763 Itemque
1083 3679 1176 3743 omni
1189 3665 1320 3745 ¹sancto
1409 3701 1413 3707 ·

366 3776 538 3839 sacerdoti
558 3778 782 3858 promittitur,
805 3787 841 3844 et
863 3799 1079 3863 quaecunque
1099 3779 1243 3842 solveris
1260 3799 1320 3844 su·

403 4021 465 4071 ‘Et
483 4023 629 4086 innumero]
657 4025 705 4085 V.;
729 4025 755 4072 in
774 4027 831 4074 uni·
896 4021 915 4052 ¹⁵
933 4026 1259 4090 Tuer.]Matth.xvi.18;
1275 4027 1320 4077 vii.

367 4108 449 4154 versa,
462 4094 496 4143 B.
857 4098 898 4153 25,
910 4099 950 4144 26.

403 4161 413 4190 ⁸
430 4163 612 4226 Respondisse]
622 4163 715 4213 Matth.
723 4164 775 4213 xvi.
789 4168 830 4226 16,
893 4161 913 4191 ²³
930 4166 966 4212 Et
975 4165 1075 4228 porum]
1088 4165 1182 4215 Matth.
1195 4165 1247 4214 xvi.
1260 4168 1301 4216 17.

368 4233 462 4292 1⁷,1s
892 4231 912 4260 2⁵
934 4229 1079 4302 Venerunt]
1092 4235 1185 4284 Matth.
1197 4235 1241 4282 vii.
1253 4239 1295 4285 ss.

892 4300 914 4333 ³²
931 4305 1043 4368 Sancta]
1059 4306 1114 4354 Om.
1128 4305 1162 4352 B.
