3014 5046
620 476 792 524 EPISTULA
816 477 946 525 GlbDAE·
1214 464 1258 528 87

303 632 394 696 Haec
416 633 501 697 dicit
515 633 686 696 Dominus
702 634 811 711 Deus,
827 633 921 712 Quia
942 634 1143 699 inobediens
1159 635 1256 703 suisti

302 735 353 797 ori
381 733 535 809 Domini,
564 740 601 796 et
630 752 701 796 non
727 734 910 799 custodisti
931 735 1133 799 mandatum
1163 737 1256 818 quod

301 834 467 916 praecepit
483 833 654 897 Dominus
670 834 766 897 Deus
791 842 883 911 tuus,
906 842 943 899 et
966 854 1124 900 reversus
1147 855 1197 914 es,
1219 843 1256 902 et

301 934 481 998 comedisti
503 951 629 1015 panem
648 941 685 997 et
698 935 815 998 bibisti
833 954 959 1017 aquam
972 936 1010 998 in
1026 935 1091 1000 hoc
1113 936 1202 1013 loco,
1216 938 1254 1000 in

272 1052 287 1096 e
302 1053 371 1115 quo
385 1034 631 1098 mandaveram
646 1034 720 1111 tibi,
735 1055 779 1098 ne
802 1035 1029 1100 manducares
1041 1055 1167 1118 panem
1189 1056 1254 1101 nec

300 1135 434 1198 biberes
457 1153 595 1216 aquam,
609 1154 680 1198 non
702 1142 850 1216 ponetur
871 1155 997 1218 corpus
1019 1144 1117 1200 tuum
1139 1136 1176 1199 in
1198 1155 1253 1200 se-

300 1235 445 1316 pulchro
466 1242 605 1316 patrum
628 1242 778 1298 tuorum.
831 1235 879 1299 Et
892 1235 1022 1300 factum
1045 1243 1111 1312 est,
1126 1235 1252 1318 inquit,

299 1341 485 1418 postquam
514 1334 737 1399 manducavit
764 1354 889 1417 panem
926 1343 963 1400 et
994 1335 1081 1399 bibit
1113 1354 1253 1419 aquam,

300 1435 426 1499 stravit
439 1435 506 1498 sibi
523 1435 656 1498 asinam
679 1452 778 1498 suam
800 1442 836 1500 et
857 1436 954 1513 abiit,
968 1443 1004 1499 et
1018 1436 1152 1501 invenit
1173 1455 1253 1500 eum

256 1549 287 1595 ro
300 1534 354 1598 leo
368 1536 406 1598 in
420 1535 490 1611 via,
504 1541 540 1599 et
555 1535 681 1599 occidit
695 1554 784 1599 eum.

351 1634 438 1717 §78.
463 1634 604 1698 Esaiam
629 1653 767 1718 quoque
793 1642 953 1699 sanctum
981 1634 1186 1718 prophetam
1208 1635 1401 1732 defficfffl

299 1733 536 1799 sacerdotibus
566 1734 631 1797 hoc
668 1735 769 1798 modo
797 1733 997 1816 loquentem
1025 1734 1154 1812 audite,
1183 1733 1251 1799 Vae
1401 1720 1406 1740 '

298 1833 403 1916 impio
430 1835 467 1898 in
496 1834 637 1912 malum,
665 1835 846 1898 retributio
870 1834 962 1897 enim
988 1853 1153 1898 manuum
1175 1833 1251 1918 ejus

299 1933 359 1998 fiet
372 1935 415 1999 ei.
467 1933 642 2017 Populum
664 1953 778 1998 meum
804 1941 985 1998 exactores
1005 1933 1060 1998 sui
1078 1933 1251 2016 spoliave-

256 2048 286 2094 re
299 2040 392 2112 runt,
416 2042 452 2098 et
474 2034 635 2098 mulieres
656 2034 843 2098 dominatae
868 2041 951 2099 sunt
976 2033 1063 2118 ejus.
1115 2032 1252 2116 Popule

299 2153 407 2213 meus,
423 2135 483 2216 qui
499 2136 639 2199 beatum
654 2142 690 2199 te
704 2135 836 2212 dicunt,
857 2134 924 2216 ipsi
946 2141 981 2198 te
1004 2134 1192 2216 decipiunt,
1215 2141 1251 2199 et

298 2235 391 2298 viam
413 2254 595 2316 gressuum
610 2243 748 2300 tuorum
770 2235 953 2317 dissipant.
1003 2232 1084 2298 Stat
1098 2234 1142 2298 ad
1154 2233 1250 2318 judi·

299 2335 446 2398 candum
462 2336 645 2413 Dominus,
659 2343 695 2400 et
709 2342 782 2400 stat
797 2335 842 2400 ad
860 2335 1069 2419 judicandos
1090 2333 1250 2417 populos.

300 2431 472 2498 Dominus
495 2436 539 2498 ad
556 2435 727 2519 judicium
740 2436 856 2500 veniet
871 2453 949 2496 cum
969 2434 1109 2498 senibus
1130 2434 1251 2517 populi

257 2555 291 2600 ao
299 2536 353 2599 sui
367 2542 402 2599 et
416 2535 629 2617 principibus
641 2534 729 2617 ejus.
781 2533 857 2599 Vos
870 2533 1006 2615 depasti
1019 2533 1104 2597 estis
1114 2534 1252 2597 vineam

298 2655 423 2712 meam,
448 2635 572 2716 rapina
593 2633 755 2716 pauperis
776 2633 814 2695 in
835 2632 1079 2696 demovestra.
1132 2630 1252 2709 Quare

299 2734 449 2799 atteritis
482 2733 647 2816 populum
684 2735 824 2796 meuml
862 2739 898 2795 et
924 2731 1030 2795 facies
1061 2750 1251 2814 pauperum

299 2834 530 2898 commolitis?
545 2833 630 2898 dicit
644 2834 816 2897 Dominus
831 2832 1056 2896 exercituum.
1095 2832 1143 2894 Et
1156 2831 1251 2909 item,

299 2934 379 3012 Vae,
396 2935 455 3016 qui
477 2934 632 2998 condunt
646 2934 741 3016 leges
763 2932 913 3015 iniquas,
928 2939 965 2996 et
986 2932 1175 2995 scribentes
1198 2930 1252 2994 in·

254 3052 285 3097 rs
294 3033 469 3118 justitiam
498 3035 722 3117 scripserunt,
746 3041 786 3097 ut
807 3033 1041 3116 opprimerent
1061 3032 1098 3095 in
1119 3030 1252 3116 judicio

299 3153 481 3217 pauperes
496 3143 532 3199 et
546 3137 616 3200 vim
630 3135 785 3199 facerent
800 3152 914 3197 causae
935 3133 1113 3197 humilium
1131 3131 1253 3214 populi

300 3236 379 3312 mei,
406 3242 445 3298 ut
466 3242 584 3299 essent
607 3236 722 3300 viduae
746 3234 865 3317 praeda
888 3254 1018 3311 eorum,
1041 3239 1078 3296 et
1100 3231 1252 3314 pupillos

299 3335 499 3416 diriperent.
551 3333 645 3412 Quid
675 3333 809 3397 facietis
835 3334 873 3396 in
897 3332 953 3395 die
975 3332 1185 3396 visitationis
1216 3337 1253 3394 et

300 3434 509 3497 calamitatis
523 3433 566 3496 de
579 3433 683 3513 longe
697 3433 894 3496 venientis?
946 3431 994 3494 Et
1006 3429 1110 3506 iufra,
1119 3429 1252 3494 Verum

254 3548 286 3594 so
301 3535 336 3597 hi
365 3553 502 3616 quoque
529 3551 601 3614 prae
631 3533 713 3596 vino
742 3531 950 3607 nescierunt,
981 3548 1054 3612 prae
1085 3529 1252 3592 ebrietate

301 3641 515 3710 erraverunt,
538 3631 735 3696 sacerdotes
759 3631 956 3695 nescierunt
977 3648 1051 3712 prae
1073 3628 1252 3706 ebrietate,

301 3735 456 3816 absorpti
486 3740 569 3797 sunt
597 3752 620 3796 a
646 3733 739 3809 vino,
772 3737 976 3795 erraverunt
1001 3730 1039 3792 in
1073 3729 1253 3807 ebrietate,

302 3835 499 3897 nescierunt
537 3832 736 3909 Videntem,
780 3832 1032 3913 ignoraverunt
1070 3829 1252 3914 judicium.

302 3933 432 3998 Omnes
447 3935 538 3997 enim
552 3951 681 3997 mensae
695 3932 835 4013 repletae
851 3939 933 3996 sunt
941 3930 1074 3995 vomitu
1088 3928 1252 4005 sordium,

256 4057 285 4102 35
301 4034 352 4098 ita
366 4042 406 4098 ut
421 4055 491 4098 non
506 4040 599 4097 esset
613 4034 706 4097 ultra
718 4032 826 4096 locus.

337 4259 355 4292 ¹¹
367 4261 489 4325 Esaiam]
507 4261 544 4310 iii.
557 4264 604 4322 113
622 4275 649 4310 x.
661 4263 674 4306 1
685 4275 693 4320 ;
703 4258 793 4308 xxviii.
804 4261 830 4320 7,
841 4260 883 4318 ll,
894 4259 942 4316 1⁷3
953 4252 1026 4304 xxix.
1038 4256 1080 4315 la,
1091 4255 1123 4302 14
1133 4267 1141 4314 ;
1152 4251 1215 4301 lxvi.
1227 4255 1253 4301 l.
