3014 5046
614 451 785 498 nrrsronn
809 453 939 500 ornum.
1160 434 1165 439 ’
1210 441 1254 504 99

300 607 399 684 mori,
415 607 507 672 etad
523 608 719 672 liberandas
730 611 876 686 animas,
888 599 975 693 quas
990 631 1060 675 non
1072 613 1254 694 oportebat

301 707 429 783 vivere,
459 708 541 771 dum
570 708 749 790 loquimini
778 711 907 793 populo
936 712 1135 776 exaudienti
1162 732 1252 777 vana

300 806 448 890 eloquia.
500 807 548 871 Et
562 808 665 885 infra,
679 810 747 873 Fili
769 809 916 874 hominis
939 810 1005 887 dic,
1020 810 1076 875 Tu
1099 831 1137 875 es
1159 819 1252 876 terra

300 925 380 988 quae
394 926 464 972 non
479 908 699 989 compluitur,
714 929 825 991 neque
839 909 959 991 pluvia
972 910 1066 975 facta
1081 919 1252 995 estsuper

272 1022 288 1066 ⁵
301 1013 336 1070 te
348 1007 385 1071 in
400 1007 456 1071 die
470 1007 544 1084 irae,
559 1009 595 1071 in
611 1028 681 1090 qua
695 1009 867 1090 principes
882 1011 918 1072 in
932 1010 1044 1075 medio
1059 1011 1146 1094 ejuS,
1161 1012 1252 1075 sicut

300 1106 428 1185 leones,
444 1107 632 1190 rugientes
647 1109 821 1190 rapientes
833 1111 985 1193 rapinas,
1000 1109 1133 1173 animas
1147 1111 1252 1176 devo·

300 1213 417 1272 rantes
431 1207 469 1271 in
485 1208 653 1290 potentia,
667 1215 703 1272 et
717 1208 829 1291 pretia
851 1209 1072 1293 accipientes,
1088 1218 1124 1274 et
1137 1211 1252 1275 viduae

299 1313 370 1369 tuae
384 1308 623 1389 multiplicatae
637 1310 771 1373 suntin
785 1309 898 1373 medio
922 1309 985 1387 tui,
1005 1318 1040 1374 et
1055 1310 1252 1375 sacerdotes

300 1405 376 1490 ejus
413 1407 646 1490 despexerunt
683 1408 794 1491 legem
831 1429 954 1488 meam,
983 1418 1019 1474 et
1051 1410 1253 1492 polluebant

253 1515 422 1571 resanata
434 1526 522 1572 mea.
576 1508 674 1573 Inter
689 1516 847 1573 sanctum
862 1517 897 1574 et
910 1510 1083 1593 pollutum
1096 1531 1166 1574 non
1181 1510 1252 1574 dis-

299 1607 517 1689 tinguebant,
539 1614 574 1672 ct
597 1608 859 1672 intermedium
883 1610 1050 1673 immundi
1074 1617 1110 1673 et
1134 1611 1253 1674 mundi

300 1727 370 1770 non
395 1708 606 1785 dividebant,
636 1715 672 1771 et
701 1728 722 1771 a
751 1708 905 1772 sabbatis
936 1709 1021 1772 meis
1044 1709 1253 1775 obvelabant

299 1807 418 1871 oculos
432 1827 525 1885 snoS,
540 1815 576 1872 et
588 1807 790 1890 polluebant
801 1808 838 1871 in
853 1808 966 1872 medio
981 1827 1111 1872 eorum.

351 1907 439 1990 §9L
464 1909 511 1972 Et
534 1908 671 1985 itemm,
698 1909 745 1972 Et
774 1910 970 1991 quaerebam
996 1928 1041 1972 ex
1068 1908 1118 1972 eis
1142 1909 1253 1973 virum

256 2025 288 2070 rs
300 2014 392 2072 recte
406 2016 678 2085 conversantem,
694 2014 730 2071 et
744 2015 894 2072 stantem
911 2015 992 2072 ante
1006 2007 1129 2071 faciem
1142 2028 1253 2072 meam

300 2107 440 2171 omnino
452 2107 488 2171 in
503 2115 658 2191 ternpore
671 2108 745 2185 irae,
761 2128 804 2171 ne
819 2108 855 2171 in
870 2109 938 2172 fine
955 2108 1103 2172 delerem
1117 2127 1205 2186 cam,
1218 2116 1255 2172 et

299 2227 369 2270 non
383 2207 511 2272 inveni.
564 2208 612 2272 Et
628 2208 732 2272 effudi
752 2208 790 2272 in
812 2227 888 2272 eam
911 2209 1063 2272 animum
1084 2228 1197 2272 meum
1216 2208 1253 2272 in

298 2305 379 2388 igne
401 2307 462 2371 irae
477 2327 562 2371 meae
585 2308 628 2371 ad
645 2309 915 2373 consumendum
935 2328 1014 2389 cos3
1038 2309 1112 2373 vias
1135 2328 1253 2373 eorum

299 2405 336 2469 in
351 2416 457 2491 caput
470 2427 588 2472 eorum
599 2408 690 2485 dedi,
703 2408 788 2472 dicit
803 2407 985 2472 Dominus
1038 2409 1085 2471 Et
1097 2418 1176 2490 post
1190 2408 1253 2471 ali-

254 2527 287 2572 ao
300 2515 442 2588 quanta,
459 2506 505 2570 Et
521 2506 632 2570 sactus
647 2514 700 2570 est
711 2527 823 2570 sermo
840 2506 981 2571 Domini
995 2506 1038 2568 ad
1053 2527 1108 2569 me
1123 2507 1252 2584 dicens,

302 2607 370 2670 Fili
388 2605 535 2669 hominis
558 2605 698 2687 loquere
712 2606 791 2671 filiis
815 2606 934 2689 populi
957 2604 1036 2682 mei,
1050 2613 1086 2669 et
1099 2606 1192 2669 dices
1208 2606 1252 2668 ad

299 2725 379 2785 eos;
403 2706 524 2782 Terra,
537 2705 573 2767 in
591 2725 694 2786 quam
714 2725 779 2787 ego
802 2705 956 2786 gladium
978 2704 1252 2787 superinducam,

300 2813 337 2870 et
359 2806 531 2888 acceperit
558 2805 708 2888 populus
738 2813 840 2869 terrae
870 2803 1042 2868 hominem
1077 2825 1185 2868 unum
1207 2824 1252 2867 ex

300 2905 397 2988 ipsiS,
410 2914 446 2969 et
468 2905 601 2970 dederit
615 2925 693 2969 eum
716 2906 781 2969 sibi
802 2906 840 2968 in
862 2905 1125 2988 speculatorem,
1148 2913 1185 2969 et
1200 2905 1251 2968 vi-

255 3019 287 3064 ae
300 3005 390 3070 derit
415 3007 569 3088 gladium
591 3007 787 3070 venientem
817 3024 921 3089 super
944 3013 1084 3084 terram,
1110 3012 1146 3069 ct
1167 3006 1253 3070 tuba

299 3106 463 3171 cecinerit
496 3115 531 3172 et
563 3107 812 3188 significaverit
846 3107 997 3189 populo;
1036 3114 1071 3171 et
1105 3106 1253 3170 audierit

301 3206 360 3286 qui
386 3207 482 3270 audit
506 3225 626 3270 vocem
650 3209 743 3271 tubae
767 3215 803 3270 ct
829 3227 899 3270 non
923 3208 1181 3286 observaverit;
1218 3213 1253 3269 et

301 3307 434 3368 venerit
460 3305 596 3386 gladius
619 3312 655 3368 et
675 3306 972 3386 comprehenderit
995 3325 1085 3383 eum,
1110 3305 1253 3388 sanguis

301 3405 376 3488 ejus
400 3423 504 3486 super
527 3409 632 3486 caput
659 3404 735 3488 ejus
765 3404 842 3466 erit.
896 3402 1000 3481 Quia,
1031 3423 1108 3466 cum
1133 3424 1253 3469 vocem

257 3515 289 3559 ³0
301 3507 394 3568 tubae
424 3503 589 3578 audisset,
617 3521 686 3566 non
717 3502 926 3578 observavit,
952 3503 1095 3584 sanguis
1119 3503 1195 3586 ejus
1216 3502 1253 3565 in

301 3605 377 3686 ipso
403 3604 488 3684 erit3
511 3609 547 3666 et
570 3601 638 3678 hic,
652 3603 734 3685 quia
759 3601 958 3678 custodivit,
982 3603 1132 3666 animam
1155 3620 1254 3664 suam

301 3704 471 3769 liberavit.
524 3703 571 3767 Et
586 3703 793 3785 speculator,
809 3703 839 3765 si
853 3702 979 3766 viderit
993 3702 1145 3784 gladium
1156 3701 1252 3766 veni-

301 3813 415 3868 entem
438 3811 473 3868 et
495 3823 566 3867 non
589 3782 836 3883 signilicaverit
850 3805 946 3880 tuba,
960 3809 995 3866 et
1012 3802 1161 3885 populus
1184 3821 1254 3865 non

302 3904 549 3980 observaverit,
572 3910 607 3967 et
628 3904 770 3967 veniens
793 3903 929 3984 gladius
951 3904 1122 3985 acceperit
1139 3921 1184 3965 ex
1204 3902 1254 3963 eis

258 4029 288 4072 ee
301 4006 463 4082 animam,
480 4012 516 4068 et
536 4005 613 4086 ipsa
634 4011 777 4086 propter
790 4004 1008 4084 iniquitatem
1030 4021 1128 4065 suam
1151 4007 1255 4082 capta

303 4112 367 4182 est,
383 4112 419 4168 et
433 4105 636 4185 sanguinem
652 4104 695 4167 de
710 4122 816 4167 manu
830 4102 1056 4185 speculatoris
1070 4101 1254 4183 requiram.

303 4203 349 4268 Et
375 4212 425 4281 tu,
450 4204 499 4267 fili
520 4204 680 4282 hominis,
705 4203 956 4286 speculatorem
979 4207 1013 4264 te
1035 4201 1114 4264 dedi
1139 4201 1256 4265 domui
1286 4272 1287 4275 Ἴ

1079 4327 1150 4372 'dul
