<?xml version="1.0" encoding="UTF-8"?>
<!DOCTYPE html PUBLIC "-//W3C//DTD XHTML 1.0 Transitional//EN"
    "http://www.w3.org/TR/xhtml1/DTD/xhtml1-transitional.dtd">
<html xmlns="http://www.w3.org/1999/xhtml" xml:lang="en" lang="en">
 <head>
  <title>
</title>
<meta http-equiv="Content-Type" content="text/html;charset=utf-8" />
  <meta name='ocr-system' content='tesseract 3.04.00' />
  <meta name='ocr-capabilities' content='ocr_page ocr_carea ocr_par ocr_line ocrx_word'/>
</head>
<body>
  <div class='ocr_page' id='page_1' title='image "./gildasdeexcidio01gildgoog_0142.png"; bbox 0 0 3014 5046; ppageno 0'>
   <div class='ocr_carea' id='block_1_1' title="bbox 376 469 1018 535">
    <p class='ocr_par' dir='ltr' id='par_1_1' title="bbox 376 469 1018 535">
     <span class='ocr_line' id='line_1_1' title="bbox 376 469 1018 535; baseline 0.005 -3"><span class='ocrx_word' id='word_1_1' title='bbox 376 469 420 532; x_wconf 88' lang='grc'>90</span> <span class='ocrx_word' id='word_1_2' title='bbox 562 489 563 492; x_wconf 63' lang='grc'>’</span> <span class='ocrx_word' id='word_1_3' title='bbox 692 486 864 535; x_wconf 76' lang='lat' dir='ltr'>nrrsronn</span> <span class='ocrx_word' id='word_1_4' title='bbox 888 486 1018 535; x_wconf 77' lang='lat' dir='ltr'>omnm.</span> 
     </span>
    </p>
   </div>
   <div class='ocr_carea' id='block_1_2' title="bbox 375 644 1432 1230">
    <p class='ocr_par' dir='ltr' id='par_1_2' title="bbox 375 644 1432 1230">
     <span class='ocr_line' id='line_1_2' title="bbox 377 644 1329 729; baseline 0.002 -21"><span class='ocrx_word' id='word_1_5' title='bbox 377 645 424 709; x_wconf 87' lang='lat' dir='ltr'>Et</span> <span class='ocrx_word' id='word_1_6' title='bbox 437 646 573 724; x_wconf 88' lang='lat' dir='ltr'>iterum,</span> <span class='ocrx_word' id='word_1_7' title='bbox 590 646 720 710; x_wconf 85' lang='lat' dir='ltr'><strong>Omnes</strong></span> <span class='ocrx_word' id='word_1_8' title='bbox 734 646 793 710; x_wconf 91' lang='lat' dir='ltr'>isti</span> <span class='ocrx_word' id='word_1_9' title='bbox 807 646 980 729; x_wconf 81' lang='lat' dir='ltr'>principes</span> <span class='ocrx_word' id='word_1_10' title='bbox 994 644 1241 710; x_wconf 78' lang='lat' dir='ltr'>declinantium</span> <span class='ocrx_word' id='word_1_11' title='bbox 1255 665 1329 710; x_wconf 89' lang='lat' dir='ltr'>am-</span> 
     </span>
     <span class='ocr_line' id='line_1_3' title="bbox 376 744 1329 824; baseline 0.003 -17"><span class='ocrx_word' id='word_1_12' title='bbox 376 746 535 810; x_wconf 86' lang='lat' dir='ltr'>bulantes</span> <span class='ocrx_word' id='word_1_13' title='bbox 550 745 797 824; x_wconf 81' lang='lat' dir='ltr'>fraudulenter,</span> <span class='ocrx_word' id='word_1_14' title='bbox 812 766 862 809; x_wconf 83' lang='lat' dir='ltr'>ees</span> <span class='ocrx_word' id='word_1_15' title='bbox 882 754 917 811; x_wconf 90' lang='lat' dir='ltr'>et</span> <span class='ocrx_word' id='word_1_16' title='bbox 933 745 1073 822; x_wconf 91' lang='lat' dir='ltr'>ferrum,</span> <span class='ocrx_word' id='word_1_17' title='bbox 1087 744 1240 809; x_wconf 83' lang='lat' dir='ltr'>universi</span> <span class='ocrx_word' id='word_1_18' title='bbox 1253 764 1329 810; x_wconf 91' lang='lat' dir='ltr'>cor-</span> 
     </span>
     <span class='ocr_line' id='line_1_4' title="bbox 375 845 1331 928; baseline 0.002 -20"><span class='ocrx_word' id='word_1_19' title='bbox 375 846 468 928; x_wconf 89' lang='lat' dir='ltr'>rupti</span> <span class='ocrx_word' id='word_1_20' title='bbox 491 845 736 924; x_wconf 40' lang='lat' dir='ltr'>sunt,‡defecit</span> <span class='ocrx_word' id='word_1_21' title='bbox 759 845 984 910; x_wconf 87' lang='lat' dir='ltr'>sufflatorium</span> <span class='ocrx_word' id='word_1_22' title='bbox 1011 845 1048 908; x_wconf 92' lang='lat' dir='ltr'>in</span> <span class='ocrx_word' id='word_1_23' title='bbox 1075 845 1171 927; x_wconf 82' lang='lat' dir='ltr'>igne,</span> <span class='ocrx_word' id='word_1_24' title='bbox 1200 845 1331 910; x_wconf 82' lang='lat' dir='ltr'>fmstra</span> 
     </span>
     <span class='ocr_line' id='line_1_5' title="bbox 376 945 1329 1024; baseline 0.002 -16"><span class='ocrx_word' id='word_1_25' title='bbox 376 946 541 1011; x_wconf 88' lang='lat' dir='ltr'>conflavit</span> <span class='ocrx_word' id='word_1_26' title='bbox 576 945 758 1024; x_wconf 85' lang='lat' dir='ltr'>conflator,</span> <span class='ocrx_word' id='word_1_27' title='bbox 783 945 933 1010; x_wconf 79' lang='lat' dir='ltr'>‘malitiae</span> <span class='ocrx_word' id='word_1_28' title='bbox 962 953 1077 1009; x_wconf 88' lang='lat' dir='ltr'>autem</span> <span class='ocrx_word' id='word_1_29' title='bbox 1109 965 1227 1009; x_wconf 91' lang='lat' dir='ltr'>eorum</span> <span class='ocrx_word' id='word_1_30' title='bbox 1257 965 1329 1010; x_wconf 93' lang='lat' dir='ltr'>non</span> 
     </span>
     <span class='ocr_line' id='line_1_6' title="bbox 376 1040 1432 1128; baseline -0.003 -19"><span class='ocrx_word' id='word_1_31' title='bbox 376 1054 458 1110; x_wconf 89' lang='lat' dir='ltr'>sunt</span> <span class='ocrx_word' id='word_1_32' title='bbox 482 1053 685 1125; x_wconf 87' lang='lat' dir='ltr'>consumtae,</span> <span class='ocrx_word' id='word_1_33' title='bbox 710 1053 892 1128; x_wconf 86' lang='lat' dir='ltr'>argentum</span> <span class='ocrx_word' id='word_1_34' title='bbox 914 1046 1097 1128; x_wconf 88' lang='lat' dir='ltr'>reprobum</span> <span class='ocrx_word' id='word_1_35' title='bbox 1112 1054 1235 1110; x_wconf 84' lang='lat' dir='ltr'>vocate</span> <span class='ocrx_word' id='word_1_36' title='bbox 1256 1065 1328 1124; x_wconf 88' lang='lat' dir='ltr'>eos,</span> <span class='ocrx_word' id='word_1_37' title='bbox 1357 1063 1374 1106; x_wconf 81' lang='lat' dir='ltr'>s</span> <span class='ocrx_word' id='word_1_38' title='bbox 1429 1040 1432 1044; x_wconf 79' lang='grc'><strong>’</strong></span> 
     </span>
     <span class='ocr_line' id='line_1_7' title="bbox 376 1145 1329 1230; baseline 0.002 -22"><span class='ocrx_word' id='word_1_39' title='bbox 376 1145 459 1227; x_wconf 84' lang='lat' dir='ltr'>quia</span> <span class='ocrx_word' id='word_1_40' title='bbox 472 1147 643 1210; x_wconf 86' lang='lat' dir='ltr'>Dominus</span> <span class='ocrx_word' id='word_1_41' title='bbox 657 1145 805 1230; x_wconf 91' lang='lat' dir='ltr'>projecit</span> <span class='ocrx_word' id='word_1_42' title='bbox 819 1145 909 1210; x_wconf 89' lang='lat' dir='ltr'>illos.</span> <span class='ocrx_word' id='word_1_43' title='bbox 962 1145 1009 1209; x_wconf 90' lang='lat' dir='ltr'>Et</span> <span class='ocrx_word' id='word_1_44' title='bbox 1019 1152 1099 1228; x_wconf 89' lang='lat' dir='ltr'>post</span> <span class='ocrx_word' id='word_1_45' title='bbox 1113 1164 1234 1228; x_wconf 87' lang='lat' dir='ltr'>pauca,</span> <span class='ocrx_word' id='word_1_46' title='bbox 1250 1145 1329 1228; x_wconf 78' lang='lat' dir='ltr'>Ego</span> 
     </span>
    </p>
   </div>
   <div class='ocr_carea' id='block_1_3' title="bbox 367 1245 1374 4325">
    <p class='ocr_par' dir='ltr' id='par_1_3' title="bbox 374 1245 1374 2330">
     <span class='ocr_line' id='line_1_8' title="bbox 376 1245 1329 1328; baseline 0.002 -20"><span class='ocrx_word' id='word_1_47' title='bbox 376 1264 465 1322; x_wconf 89' lang='lat' dir='ltr'>sum,</span> <span class='ocrx_word' id='word_1_48' title='bbox 488 1245 565 1327; x_wconf 85' lang='lat' dir='ltr'>Ego</span> <span class='ocrx_word' id='word_1_49' title='bbox 587 1265 675 1310; x_wconf 89' lang='lat' dir='ltr'>sum.</span> <span class='ocrx_word' id='word_1_50' title='bbox 728 1245 804 1328; x_wconf 85' lang='lat' dir='ltr'>Ego</span> <span class='ocrx_word' id='word_1_51' title='bbox 820 1246 903 1323; x_wconf 91' lang='lat' dir='ltr'>vidi,</span> <span class='ocrx_word' id='word_1_52' title='bbox 927 1245 1011 1309; x_wconf 90' lang='lat' dir='ltr'>dicit</span> <span class='ocrx_word' id='word_1_53' title='bbox 1035 1245 1219 1311; x_wconf 85' lang='lat' dir='ltr'>Dominus.</span> <span class='ocrx_word' id='word_1_54' title='bbox 1272 1245 1329 1310; x_wconf 85' lang='lat' dir='ltr'>Ito</span> 
     </span>
     <span class='ocr_line' id='line_1_9' title="bbox 376 1344 1329 1423; baseline 0.003 -16"><span class='ocrx_word' id='word_1_55' title='bbox 376 1345 420 1408; x_wconf 90' lang='lat' dir='ltr'>ad</span> <span class='ocrx_word' id='word_1_56' title='bbox 449 1345 562 1409; x_wconf 89' lang='lat' dir='ltr'>locum</span> <span class='ocrx_word' id='word_1_57' title='bbox 590 1364 703 1408; x_wconf 89' lang='lat' dir='ltr'>meum</span> <span class='ocrx_word' id='word_1_58' title='bbox 732 1344 769 1409; x_wconf 92' lang='lat' dir='ltr'>in</span> <span class='ocrx_word' id='word_1_59' title='bbox 795 1345 880 1423; x_wconf 93' lang='lat' dir='ltr'>Silo,</span> <span class='ocrx_word' id='word_1_60' title='bbox 909 1345 969 1408; x_wconf 88' lang='lat' dir='ltr'>ubi</span> <span class='ocrx_word' id='word_1_61' title='bbox 1001 1344 1173 1411; x_wconf 83' lang='lat' dir='ltr'>habitavit</span> <span class='ocrx_word' id='word_1_62' title='bbox 1202 1364 1329 1410; x_wconf 90' lang='lat' dir='ltr'>nomen</span> 
     </span>
     <span class='ocr_line' id='line_1_10' title="bbox 375 1442 1329 1528; baseline 0.002 -20"><span class='ocrx_word' id='word_1_63' title='bbox 375 1465 488 1508; x_wconf 91' lang='lat' dir='ltr'>meum</span> <span class='ocrx_word' id='word_1_64' title='bbox 524 1466 546 1509; x_wconf 89' lang='lat' dir='ltr'>a</span> <span class='ocrx_word' id='word_1_65' title='bbox 579 1444 769 1528; x_wconf 81' lang='lat' dir='ltr'>principi03</span> <span class='ocrx_word' id='word_1_66' title='bbox 811 1452 847 1509; x_wconf 91' lang='lat' dir='ltr'>et</span> <span class='ocrx_word' id='word_1_67' title='bbox 874 1444 989 1510; x_wconf 85' lang='lat' dir='ltr'>videto</span> <span class='ocrx_word' id='word_1_68' title='bbox 1017 1464 1096 1527; x_wconf 84' lang='lat' dir='ltr'>quae</span> <span class='ocrx_word' id='word_1_69' title='bbox 1129 1445 1267 1510; x_wconf 85' lang='lat' dir='ltr'>fecerim</span> <span class='ocrx_word' id='word_1_70' title='bbox 1296 1442 1329 1510; x_wconf 84' lang='lat' dir='ltr'>ei</span> 
     </span>
     <span class='ocr_line' id='line_1_11' title="bbox 375 1544 1374 1628; baseline -0.003 -22"><span class='ocrx_word' id='word_1_71' title='bbox 375 1552 517 1627; x_wconf 91' lang='lat' dir='ltr'>propter</span> <span class='ocrx_word' id='word_1_72' title='bbox 544 1545 710 1609; x_wconf 88' lang='lat' dir='ltr'>malitiam</span> <span class='ocrx_word' id='word_1_73' title='bbox 738 1544 857 1628; x_wconf 91' lang='lat' dir='ltr'>populi</span> <span class='ocrx_word' id='word_1_74' title='bbox 883 1545 951 1609; x_wconf 89' lang='lat' dir='ltr'>mei</span> <span class='ocrx_word' id='word_1_75' title='bbox 978 1545 1101 1609; x_wconf 91' lang='lat' dir='ltr'>Israel.</span> <span class='ocrx_word' id='word_1_76' title='bbox 1154 1546 1201 1609; x_wconf 90' lang='lat' dir='ltr'>Et</span> <span class='ocrx_word' id='word_1_77' title='bbox 1222 1557 1374 1625; x_wconf 86' lang='lat' dir='ltr'>nunc,1o</span> 
     </span>
     <span class='ocr_line' id='line_1_12' title="bbox 376 1644 1326 1728; baseline 0.003 -21"><span class='ocrx_word' id='word_1_78' title='bbox 376 1646 457 1726; x_wconf 89' lang='lat' dir='ltr'>quia</span> <span class='ocrx_word' id='word_1_79' title='bbox 482 1644 611 1709; x_wconf 87' lang='lat' dir='ltr'>fecistis</span> <span class='ocrx_word' id='word_1_80' title='bbox 637 1644 754 1709; x_wconf 90' lang='lat' dir='ltr'>omnia</span> <span class='ocrx_word' id='word_1_81' title='bbox 783 1665 889 1728; x_wconf 87' lang='lat' dir='ltr'>opera</span> <span class='ocrx_word' id='word_1_82' title='bbox 915 1645 1003 1722; x_wconf 88' lang='lat' dir='ltr'>haec,</span> <span class='ocrx_word' id='word_1_83' title='bbox 1028 1645 1112 1709; x_wconf 91' lang='lat' dir='ltr'>dicit</span> <span class='ocrx_word' id='word_1_84' title='bbox 1134 1645 1326 1726; x_wconf 76' lang='lat' dir='ltr'>Dominns3</span> 
     </span>
     <span class='ocr_line' id='line_1_13' title="bbox 375 1745 1326 1828; baseline 0.002 -20"><span class='ocrx_word' id='word_1_85' title='bbox 375 1752 410 1809; x_wconf 90' lang='lat' dir='ltr'>et</span> <span class='ocrx_word' id='word_1_86' title='bbox 435 1745 572 1809; x_wconf 89' lang='lat' dir='ltr'>locutus</span> <span class='ocrx_word' id='word_1_87' title='bbox 601 1764 677 1809; x_wconf 91' lang='lat' dir='ltr'>snm</span> <span class='ocrx_word' id='word_1_88' title='bbox 701 1746 744 1808; x_wconf 89' lang='lat' dir='ltr'>ad</span> <span class='ocrx_word' id='word_1_89' title='bbox 766 1764 830 1809; x_wconf 88' lang='lat' dir='ltr'>vos</span> <span class='ocrx_word' id='word_1_90' title='bbox 856 1765 957 1809; x_wconf 87' lang='lat' dir='ltr'>mane</span> <span class='ocrx_word' id='word_1_91' title='bbox 982 1763 1194 1828; x_wconf 86' lang='lat' dir='ltr'>consurgens</span> <span class='ocrx_word' id='word_1_92' title='bbox 1215 1752 1252 1809; x_wconf 90' lang='lat' dir='ltr'>et</span> <span class='ocrx_word' id='word_1_93' title='bbox 1274 1746 1326 1811; x_wconf 91' lang='lat' dir='ltr'>lo-</span> 
     </span>
     <span class='ocr_line' id='line_1_14' title="bbox 375 1845 1327 1926; baseline 0.003 -19"><span class='ocrx_word' id='word_1_94' title='bbox 375 1864 484 1926; x_wconf 90' lang='lat' dir='ltr'>quens</span> <span class='ocrx_word' id='word_1_95' title='bbox 510 1853 545 1909; x_wconf 92' lang='lat' dir='ltr'>et</span> <span class='ocrx_word' id='word_1_96' title='bbox 569 1866 638 1910; x_wconf 93' lang='lat' dir='ltr'>non</span> <span class='ocrx_word' id='word_1_97' title='bbox 661 1845 818 1923; x_wconf 86' lang='lat' dir='ltr'>audistis,</span> <span class='ocrx_word' id='word_1_98' title='bbox 841 1854 877 1910; x_wconf 89' lang='lat' dir='ltr'>et</span> <span class='ocrx_word' id='word_1_99' title='bbox 891 1846 1015 1911; x_wconf 89' lang='lat' dir='ltr'>vocavi</span> <span class='ocrx_word' id='word_1_100' title='bbox 1037 1865 1099 1911; x_wconf 90' lang='lat' dir='ltr'>vos</span> <span class='ocrx_word' id='word_1_101' title='bbox 1122 1852 1158 1909; x_wconf 89' lang='lat' dir='ltr'>et</span> <span class='ocrx_word' id='word_1_102' title='bbox 1180 1865 1251 1911; x_wconf 91' lang='lat' dir='ltr'>non</span> <span class='ocrx_word' id='word_1_103' title='bbox 1272 1866 1327 1910; x_wconf 88' lang='lat' dir='ltr'>re-</span> 
     </span>
     <span class='ocr_line' id='line_1_15' title="bbox 374 1945 1328 2028; baseline 0.003 -20"><span class='ocrx_word' id='word_1_104' title='bbox 374 1945 590 2027; x_wconf 84' lang='lat' dir='ltr'>spondistis3</span> <span class='ocrx_word' id='word_1_105' title='bbox 628 1946 752 2009; x_wconf 85' lang='lat' dir='ltr'>faciam</span> <span class='ocrx_word' id='word_1_106' title='bbox 781 1945 899 2010; x_wconf 92' lang='lat' dir='ltr'>domui</span> <span class='ocrx_word' id='word_1_107' title='bbox 931 1945 1023 2024; x_wconf 92' lang='lat' dir='ltr'>huic,</span> <span class='ocrx_word' id='word_1_108' title='bbox 1053 1946 1091 2009; x_wconf 92' lang='lat' dir='ltr'>in</span> <span class='ocrx_word' id='word_1_109' title='bbox 1128 1965 1197 2028; x_wconf 87' lang='lat' dir='ltr'>qua</span> <span class='ocrx_word' id='word_1_110' title='bbox 1226 1945 1328 2011; x_wconf 87' lang='lat' dir='ltr'>invo-</span> 
     </span>
     <span class='ocr_line' id='line_1_16' title="bbox 375 2045 1372 2128; baseline -0.003 -21"><span class='ocrx_word' id='word_1_111' title='bbox 375 2051 491 2108; x_wconf 87' lang='lat' dir='ltr'>catum</span> <span class='ocrx_word' id='word_1_112' title='bbox 523 2051 578 2109; x_wconf 91' lang='lat' dir='ltr'>est</span> <span class='ocrx_word' id='word_1_113' title='bbox 599 2066 723 2110; x_wconf 90' lang='lat' dir='ltr'>nomen</span> <span class='ocrx_word' id='word_1_114' title='bbox 748 2065 861 2109; x_wconf 90' lang='lat' dir='ltr'>meum</span> <span class='ocrx_word' id='word_1_115' title='bbox 893 2054 927 2110; x_wconf 92' lang='lat' dir='ltr'>et</span> <span class='ocrx_word' id='word_1_116' title='bbox 951 2046 988 2108; x_wconf 94' lang='lat' dir='ltr'>in</span> <span class='ocrx_word' id='word_1_117' title='bbox 1012 2065 1082 2128; x_wconf 88' lang='lat' dir='ltr'>qua</span> <span class='ocrx_word' id='word_1_118' title='bbox 1103 2064 1167 2109; x_wconf 84' lang='lat' dir='ltr'>vos</span> <span class='ocrx_word' id='word_1_119' title='bbox 1192 2045 1327 2110; x_wconf 87' lang='lat' dir='ltr'>habetis</span> <span class='ocrx_word' id='word_1_120' title='bbox 1340 2057 1372 2105; x_wconf 76' lang='lat' dir='ltr'>rs</span> 
     </span>
     <span class='ocr_line' id='line_1_17' title="bbox 374 2144 1327 2229; baseline 0.004 -22"><span class='ocrx_word' id='word_1_121' title='bbox 374 2144 545 2222; x_wconf 87' lang='lat' dir='ltr'>fiduciam,</span> <span class='ocrx_word' id='word_1_122' title='bbox 557 2153 593 2208; x_wconf 89' lang='lat' dir='ltr'>et</span> <span class='ocrx_word' id='word_1_123' title='bbox 607 2144 695 2222; x_wconf 92' lang='lat' dir='ltr'>loco,</span> <span class='ocrx_word' id='word_1_124' title='bbox 710 2165 811 2227; x_wconf 93' lang='lat' dir='ltr'>quem</span> <span class='ocrx_word' id='word_1_125' title='bbox 825 2146 903 2209; x_wconf 92' lang='lat' dir='ltr'>dedi</span> <span class='ocrx_word' id='word_1_126' title='bbox 918 2146 1017 2210; x_wconf 87' lang='lat' dir='ltr'>vobis</span> <span class='ocrx_word' id='word_1_127' title='bbox 1028 2153 1064 2210; x_wconf 90' lang='lat' dir='ltr'>et</span> <span class='ocrx_word' id='word_1_128' title='bbox 1078 2146 1233 2229; x_wconf 85' lang='lat' dir='ltr'>patribus</span> <span class='ocrx_word' id='word_1_129' title='bbox 1248 2164 1327 2211; x_wconf 84' lang='lat' dir='ltr'>ves-</span> 
     </span>
     <span class='ocr_line' id='line_1_18' title="bbox 374 2243 1293 2330; baseline 0.002 -22"><span class='ocrx_word' id='word_1_130' title='bbox 374 2243 450 2321; x_wconf 85' lang='lat' dir='ltr'>tris,</span> <span class='ocrx_word' id='word_1_131' title='bbox 465 2245 555 2307; x_wconf 91' lang='lat' dir='ltr'>sicut</span> <span class='ocrx_word' id='word_1_132' title='bbox 565 2244 631 2307; x_wconf 88' lang='lat' dir='ltr'>feci</span> <span class='ocrx_word' id='word_1_133' title='bbox 646 2244 731 2323; x_wconf 89' lang='lat' dir='ltr'>Silo,</span> <span class='ocrx_word' id='word_1_134' title='bbox 745 2252 779 2308; x_wconf 86' lang='lat' dir='ltr'>et</span> <span class='ocrx_word' id='word_1_135' title='bbox 793 2244 973 2330; x_wconf 84' lang='lat' dir='ltr'>projiciam</span> <span class='ocrx_word' id='word_1_136' title='bbox 987 2264 1050 2310; x_wconf 90' lang='lat' dir='ltr'>vos</span> <span class='ocrx_word' id='word_1_137' title='bbox 1065 2265 1087 2309; x_wconf 87' lang='lat' dir='ltr'>a</span> <span class='ocrx_word' id='word_1_138' title='bbox 1101 2245 1188 2309; x_wconf 88' lang='lat' dir='ltr'>facie</span> <span class='ocrx_word' id='word_1_139' title='bbox 1203 2264 1293 2310; x_wconf 84' lang='lat' dir='ltr'>mea.</span> 
     </span>
    </p>

    <p class='ocr_par' dir='ltr' id='par_1_4' title="bbox 367 2343 1373 4325">
     <span class='ocr_line' id='line_1_19' title="bbox 425 2343 1326 2427; baseline 0.003 -20"><span class='ocrx_word' id='word_1_140' title='bbox 425 2344 442 2427; x_wconf 55' lang='grc' dir='ltr'>ᾗ</span> <span class='ocrx_word' id='word_1_141' title='bbox 456 2343 511 2407; x_wconf 88' lang='grc'>81.</span> <span class='ocrx_word' id='word_1_142' title='bbox 525 2344 572 2408; x_wconf 89' lang='lat' dir='ltr'>Et</span> <span class='ocrx_word' id='word_1_143' title='bbox 583 2344 721 2422; x_wconf 89' lang='lat' dir='ltr'>iterum,</span> <span class='ocrx_word' id='word_1_144' title='bbox 738 2344 818 2409; x_wconf 90' lang='lat' dir='ltr'>Filii</span> <span class='ocrx_word' id='word_1_145' title='bbox 833 2345 901 2408; x_wconf 92' lang='lat' dir='ltr'>mei</span> <span class='ocrx_word' id='word_1_146' title='bbox 914 2345 1074 2410; x_wconf 82' lang='lat' dir='ltr'>exierunt</span> <span class='ocrx_word' id='word_1_147' title='bbox 1090 2365 1112 2410; x_wconf 85' lang='lat' dir='ltr'>a</span> <span class='ocrx_word' id='word_1_148' title='bbox 1124 2365 1191 2424; x_wconf 84' lang='lat' dir='ltr'>me,</span> <span class='ocrx_word' id='word_1_149' title='bbox 1205 2353 1240 2411; x_wconf 90' lang='lat' dir='ltr'>et</span> <span class='ocrx_word' id='word_1_150' title='bbox 1254 2365 1326 2410; x_wconf 91' lang='lat' dir='ltr'>non</span> 
     </span>
     <span class='ocr_line' id='line_1_20' title="bbox 373 2445 1326 2528; baseline 0.004 -22"><span class='ocrx_word' id='word_1_151' title='bbox 373 2445 587 2525; x_wconf 87' lang='lat' dir='ltr'>subsistunt3</span> <span class='ocrx_word' id='word_1_152' title='bbox 611 2452 647 2509; x_wconf 90' lang='lat' dir='ltr'>et</span> <span class='ocrx_word' id='word_1_153' title='bbox 669 2465 739 2509; x_wconf 91' lang='lat' dir='ltr'>non</span> <span class='ocrx_word' id='word_1_154' title='bbox 761 2445 888 2528; x_wconf 87' lang='lat' dir='ltr'>estqui</span> <span class='ocrx_word' id='word_1_155' title='bbox 910 2445 1078 2511; x_wconf 85' lang='lat' dir='ltr'>extendat</span> <span class='ocrx_word' id='word_1_156' title='bbox 1098 2445 1191 2510; x_wconf 90' lang='lat' dir='ltr'>ultra</span> <span class='ocrx_word' id='word_1_157' title='bbox 1211 2452 1326 2511; x_wconf 86' lang='lat' dir='ltr'>tanto·</span> 
     </span>
     <span class='ocr_line' id='line_1_21' title="bbox 372 2543 1373 2629; baseline 0.006 -23"><span class='ocrx_word' id='word_1_158' title='bbox 372 2543 460 2607; x_wconf 93' lang='lat' dir='ltr'>rium</span> <span class='ocrx_word' id='word_1_159' title='bbox 483 2564 609 2623; x_wconf 90' lang='lat' dir='ltr'>meum,</span> <span class='ocrx_word' id='word_1_160' title='bbox 632 2551 667 2609; x_wconf 90' lang='lat' dir='ltr'>et</span> <span class='ocrx_word' id='word_1_161' title='bbox 689 2545 801 2628; x_wconf 82' lang='lat' dir='ltr'>erigat</span> <span class='ocrx_word' id='word_1_162' title='bbox 823 2545 931 2629; x_wconf 91' lang='lat' dir='ltr'>pelles</span> <span class='ocrx_word' id='word_1_163' title='bbox 965 2564 1079 2626; x_wconf 86' lang='lat' dir='ltr'>meas3</span> <span class='ocrx_word' id='word_1_164' title='bbox 1111 2545 1194 2628; x_wconf 89' lang='lat' dir='ltr'>quia</span> <span class='ocrx_word' id='word_1_165' title='bbox 1220 2545 1373 2612; x_wconf 75' lang='lat' dir='ltr'>stulten</span> 
     </span>
     <span class='ocr_line' id='line_1_22' title="bbox 372 2646 1326 2728; baseline 0.004 -21"><span class='ocrx_word' id='word_1_166' title='bbox 372 2652 519 2726; x_wconf 85' lang='lat' dir='ltr'>egerunt</span> <span class='ocrx_word' id='word_1_167' title='bbox 541 2653 711 2728; x_wconf 87' lang='lat' dir='ltr'>pastores,</span> <span class='ocrx_word' id='word_1_168' title='bbox 735 2653 770 2710; x_wconf 89' lang='lat' dir='ltr'>et</span> <span class='ocrx_word' id='word_1_169' title='bbox 791 2646 977 2710; x_wconf 93' lang='lat' dir='ltr'>Dominum</span> <span class='ocrx_word' id='word_1_170' title='bbox 1010 2665 1081 2710; x_wconf 92' lang='lat' dir='ltr'>non</span> <span class='ocrx_word' id='word_1_171' title='bbox 1102 2646 1326 2728; x_wconf 78' lang='lat' dir='ltr'>quaesierunt.</span> 
     </span>
     <span class='ocr_line' id='line_1_23' title="bbox 373 2744 1327 2828; baseline 0.001 -21"><span class='ocrx_word' id='word_1_172' title='bbox 373 2744 565 2828; x_wconf 84' lang='lat' dir='ltr'>Propterea</span> <span class='ocrx_word' id='word_1_173' title='bbox 588 2764 659 2809; x_wconf 90' lang='lat' dir='ltr'>non</span> <span class='ocrx_word' id='word_1_174' title='bbox 680 2745 939 2823; x_wconf 86' lang='lat' dir='ltr'>intellexerunt,</span> <span class='ocrx_word' id='word_1_175' title='bbox 955 2752 991 2809; x_wconf 90' lang='lat' dir='ltr'>et</span> <span class='ocrx_word' id='word_1_176' title='bbox 1006 2764 1093 2828; x_wconf 80' lang='lat' dir='ltr'>grex</span> <span class='ocrx_word' id='word_1_177' title='bbox 1115 2765 1233 2810; x_wconf 88' lang='lat' dir='ltr'>eorum</span> <span class='ocrx_word' id='word_1_178' title='bbox 1255 2744 1327 2809; x_wconf 90' lang='lat' dir='ltr'>dis-</span> 
     </span>
     <span class='ocr_line' id='line_1_24' title="bbox 371 2842 1326 2928; baseline 0.003 -21"><span class='ocrx_word' id='word_1_179' title='bbox 371 2863 493 2926; x_wconf 89' lang='lat' dir='ltr'>persus</span> <span class='ocrx_word' id='word_1_180' title='bbox 520 2852 584 2908; x_wconf 90' lang='lat' dir='ltr'>est.</span> <span class='ocrx_word' id='word_1_181' title='bbox 638 2844 686 2909; x_wconf 92' lang='lat' dir='ltr'>Et</span> <span class='ocrx_word' id='word_1_182' title='bbox 709 2852 790 2927; x_wconf 84' lang='lat' dir='ltr'>post</span> <span class='ocrx_word' id='word_1_183' title='bbox 817 2844 1125 2926; x_wconf 83' lang='lat' dir='ltr'>aliquanta,de</span> <span class='ocrx_word' id='word_1_184' title='bbox 1156 2842 1326 2928; x_wconf 87' lang='lat' dir='ltr'>estquod</span> 
     </span>
     <span class='ocr_line' id='line_1_25' title="bbox 371 2943 1325 3029; baseline 0.003 -23"><span class='ocrx_word' id='word_1_185' title='bbox 371 2943 517 3007; x_wconf 87' lang='lat' dir='ltr'>dilectus</span> <span class='ocrx_word' id='word_1_186' title='bbox 532 2962 628 3029; x_wconf 90' lang='lat' dir='ltr'>meus</span> <span class='ocrx_word' id='word_1_187' title='bbox 651 2944 688 3005; x_wconf 92' lang='lat' dir='ltr'>in</span> <span class='ocrx_word' id='word_1_188' title='bbox 710 2943 813 3007; x_wconf 93' lang='lat' dir='ltr'>domo</span> <span class='ocrx_word' id='word_1_189' title='bbox 836 2962 913 3007; x_wconf 86' lang='lat' dir='ltr'>mea</span> <span class='ocrx_word' id='word_1_190' title='bbox 932 2944 1017 3008; x_wconf 85' lang='lat' dir='ltr'>facit</span> <span class='ocrx_word' id='word_1_191' title='bbox 1038 2945 1170 3008; x_wconf 89' lang='lat' dir='ltr'>scelera</span> <span class='ocrx_word' id='word_1_192' title='bbox 1190 2945 1325 3009; x_wconf 75' lang='lat' dir='ltr'>multa?</span> 
     </span>
     <span class='ocr_line' id='line_1_26' title="bbox 373 3041 1370 3124; baseline 0.001 -19"><span class='ocrx_word' id='word_1_193' title='bbox 373 3042 540 3124; x_wconf 91' lang='lat' dir='ltr'>Nunquid</span> <span class='ocrx_word' id='word_1_194' title='bbox 570 3061 691 3105; x_wconf 88' lang='lat' dir='ltr'>carnes</span> <span class='ocrx_word' id='word_1_195' title='bbox 718 3049 850 3105; x_wconf 82' lang='lat' dir='ltr'>sanotae</span> <span class='ocrx_word' id='word_1_196' title='bbox 875 3041 1033 3106; x_wconf 86' lang='lat' dir='ltr'>auferent</span> <span class='ocrx_word' id='word_1_197' title='bbox 1058 3061 1080 3106; x_wconf 89' lang='lat' dir='ltr'>a</span> <span class='ocrx_word' id='word_1_198' title='bbox 1110 3050 1145 3106; x_wconf 90' lang='lat' dir='ltr'>te</span> <span class='ocrx_word' id='word_1_199' title='bbox 1174 3044 1370 3110; x_wconf 77' lang='lat' dir='ltr'>malitiasss</span> 
     </span>
     <span class='ocr_line' id='line_1_27' title="bbox 372 3140 1326 3224; baseline 0.005 -19"><span class='ocrx_word' id='word_1_200' title='bbox 372 3152 463 3219; x_wconf 79' lang='lat' dir='ltr'>tuaS,</span> <span class='ocrx_word' id='word_1_201' title='bbox 492 3141 529 3204; x_wconf 92' lang='lat' dir='ltr'>in</span> <span class='ocrx_word' id='word_1_202' title='bbox 560 3141 684 3223; x_wconf 90' lang='lat' dir='ltr'>quibus</span> <span class='ocrx_word' id='word_1_203' title='bbox 713 3141 863 3222; x_wconf 84' lang='lat' dir='ltr'>gloriata</span> <span class='ocrx_word' id='word_1_204' title='bbox 892 3143 953 3205; x_wconf 84' lang='lat' dir='ltr'>esi</span> <span class='ocrx_word' id='word_1_205' title='bbox 1007 3140 1146 3206; x_wconf 87' lang='lat' dir='ltr'>Olivam</span> <span class='ocrx_word' id='word_1_206' title='bbox 1173 3145 1326 3224; x_wconf 85' lang='lat' dir='ltr'>uberem,</span> 
     </span>
     <span class='ocr_line' id='line_1_28' title="bbox 370 3239 1326 3324; baseline 0.005 -20"><span class='ocrx_word' id='word_1_207' title='bbox 370 3241 561 3324; x_wconf 87' lang='lat' dir='ltr'>pulchram,</span> <span class='ocrx_word' id='word_1_208' title='bbox 584 3239 806 3316; x_wconf 80' lang='lat' dir='ltr'>fructiferam,</span> <span class='ocrx_word' id='word_1_209' title='bbox 829 3241 1032 3323; x_wconf 88' lang='lat' dir='ltr'>speciosam,</span> <span class='ocrx_word' id='word_1_210' title='bbox 1049 3242 1189 3307; x_wconf 86' lang='lat' dir='ltr'>vocabit</span> <span class='ocrx_word' id='word_1_211' title='bbox 1203 3245 1326 3309; x_wconf 92' lang='lat' dir='ltr'>Domi-</span> 
     </span>
     <span class='ocr_line' id='line_1_29' title="bbox 371 3341 1325 3426; baseline 0.003 -21"><span class='ocrx_word' id='word_1_212' title='bbox 371 3361 437 3405; x_wconf 93' lang='lat' dir='ltr'>nus</span> <span class='ocrx_word' id='word_1_213' title='bbox 463 3361 588 3406; x_wconf 89' lang='lat' dir='ltr'>nomen</span> <span class='ocrx_word' id='word_1_214' title='bbox 613 3348 721 3405; x_wconf 91' lang='lat' dir='ltr'>tuum.</span> <span class='ocrx_word' id='word_1_215' title='bbox 785 3341 842 3406; x_wconf 89' lang='lat' dir='ltr'>Ad</span> <span class='ocrx_word' id='word_1_216' title='bbox 866 3360 986 3406; x_wconf 88' lang='lat' dir='ltr'>vocem</span> <span class='ocrx_word' id='word_1_217' title='bbox 1010 3342 1157 3423; x_wconf 86' lang='lat' dir='ltr'>loquelae</span> <span class='ocrx_word' id='word_1_218' title='bbox 1182 3344 1325 3426; x_wconf 83' lang='lat' dir='ltr'>grandis</span> 
     </span>
     <span class='ocr_line' id='line_1_30' title="bbox 370 3441 1323 3528; baseline 0.005 -23"><span class='ocrx_word' id='word_1_219' title='bbox 370 3443 503 3507; x_wconf 82' lang='lat' dir='ltr'>exarsit</span> <span class='ocrx_word' id='word_1_220' title='bbox 515 3441 607 3524; x_wconf 82' lang='lat' dir='ltr'>ignis</span> <span class='ocrx_word' id='word_1_221' title='bbox 620 3441 657 3505; x_wconf 90' lang='lat' dir='ltr'>in</span> <span class='ocrx_word' id='word_1_222' title='bbox 673 3461 726 3519; x_wconf 90' lang='lat' dir='ltr'>ea,</span> <span class='ocrx_word' id='word_1_223' title='bbox 746 3449 782 3506; x_wconf 91' lang='lat' dir='ltr'>et</span> <span class='ocrx_word' id='word_1_224' title='bbox 804 3444 983 3506; x_wconf 89' lang='lat' dir='ltr'>combusta</span> <span class='ocrx_word' id='word_1_225' title='bbox 996 3450 1079 3507; x_wconf 91' lang='lat' dir='ltr'>sunt</span> <span class='ocrx_word' id='word_1_226' title='bbox 1093 3442 1222 3508; x_wconf 88' lang='lat' dir='ltr'>fruteta</span> <span class='ocrx_word' id='word_1_227' title='bbox 1235 3444 1323 3528; x_wconf 87' lang='lat' dir='ltr'>ejus.</span> 
     </span>
     <span class='ocr_line' id='line_1_31' title="bbox 371 3542 1370 3625; baseline 0 -19"><span class='ocrx_word' id='word_1_228' title='bbox 371 3543 418 3607; x_wconf 89' lang='lat' dir='ltr'>Et</span> <span class='ocrx_word' id='word_1_229' title='bbox 446 3543 582 3620; x_wconf 90' lang='lat' dir='ltr'>iterum,</span> <span class='ocrx_word' id='word_1_230' title='bbox 608 3542 748 3619; x_wconf 84' lang='lat' dir='ltr'>Venite,</span> <span class='ocrx_word' id='word_1_231' title='bbox 770 3543 1028 3625; x_wconf 85' lang='lat' dir='ltr'>congregamini</span> <span class='ocrx_word' id='word_1_232' title='bbox 1056 3562 1175 3607; x_wconf 89' lang='lat' dir='ltr'>omnes</span> <span class='ocrx_word' id='word_1_233' title='bbox 1203 3544 1370 3608; x_wconf 74' lang='lat' dir='ltr'>bestiaesa</span> 
     </span>
     <span class='ocr_line' id='line_1_32' title="bbox 370 3641 1324 3725; baseline 0.004 -20"><span class='ocrx_word' id='word_1_234' title='bbox 370 3650 484 3721; x_wconf 79' lang='lat' dir='ltr'>terrae,</span> <span class='ocrx_word' id='word_1_235' title='bbox 499 3649 682 3725; x_wconf 88' lang='lat' dir='ltr'>properate</span> <span class='ocrx_word' id='word_1_236' title='bbox 696 3641 739 3704; x_wconf 86' lang='lat' dir='ltr'>ad</span> <span class='ocrx_word' id='word_1_237' title='bbox 753 3642 1000 3707; x_wconf 87' lang='lat' dir='ltr'>devorandum.</span> <span class='ocrx_word' id='word_1_238' title='bbox 1043 3642 1208 3708; x_wconf 84' lang='lat' dir='ltr'>Pastores</span> <span class='ocrx_word' id='word_1_239' title='bbox 1223 3644 1324 3709; x_wconf 89' lang='lat' dir='ltr'>multi</span> 
     </span>
     <span class='ocr_line' id='line_1_33' title="bbox 370 3741 1323 3826; baseline 0.005 -23"><span class='ocrx_word' id='word_1_240' title='bbox 370 3742 524 3805; x_wconf 84' lang='lat' dir='ltr'>demoliti</span> <span class='ocrx_word' id='word_1_241' title='bbox 546 3747 628 3804; x_wconf 91' lang='lat' dir='ltr'>sunt</span> <span class='ocrx_word' id='word_1_242' title='bbox 641 3741 778 3804; x_wconf 86' lang='lat' dir='ltr'>vineam</span> <span class='ocrx_word' id='word_1_243' title='bbox 800 3762 924 3820; x_wconf 87' lang='lat' dir='ltr'>meam,</span> <span class='ocrx_word' id='word_1_244' title='bbox 940 3743 1109 3807; x_wconf 86' lang='lat' dir='ltr'>dederunt</span> <span class='ocrx_word' id='word_1_245' title='bbox 1130 3744 1323 3826; x_wconf 88' lang='lat' dir='ltr'>portionem</span> 
     </span>
     <span class='ocr_line' id='line_1_34' title="bbox 369 3824 1322 3909; baseline 0.005 -5"><span class='ocrx_word' id='word_1_246' title='bbox 369 3859 482 3904; x_wconf 84' lang='lat' dir='ltr'>meam</span> <span class='ocrx_word' id='word_1_247' title='bbox 517 3839 776 3904; x_wconf 87' lang='lat' dir='ltr'>desiderabilem</span> <span class='ocrx_word' id='word_1_248' title='bbox 799 3824 856 3905; x_wconf 79' lang='lat' dir='ltr'>&#39;in</span> <span class='ocrx_word' id='word_1_249' title='bbox 896 3842 1069 3907; x_wconf 87' lang='lat' dir='ltr'>desertum</span> <span class='ocrx_word' id='word_1_250' title='bbox 1114 3843 1322 3909; x_wconf 89' lang='lat' dir='ltr'>solitudinis.</span> 
     </span>
     <span class='ocr_line' id='line_1_35' title="bbox 371 3940 1323 4026; baseline 0.005 -22"><span class='ocrx_word' id='word_1_251' title='bbox 371 3941 530 4024; x_wconf 85' lang='lat' dir='ltr'>Itemque</span> <span class='ocrx_word' id='word_1_252' title='bbox 558 3940 723 4023; x_wconf 91' lang='lat' dir='ltr'>loquitur,</span> <span class='ocrx_word' id='word_1_253' title='bbox 751 3940 842 4006; x_wconf 83' lang='lat' dir='ltr'>Haec</span> <span class='ocrx_word' id='word_1_254' title='bbox 876 3942 961 4007; x_wconf 89' lang='lat' dir='ltr'>dicit</span> <span class='ocrx_word' id='word_1_255' title='bbox 989 3941 1161 4007; x_wconf 92' lang='lat' dir='ltr'>Dominus</span> <span class='ocrx_word' id='word_1_256' title='bbox 1193 3945 1323 4026; x_wconf 87' lang='lat' dir='ltr'>populo</span> 
     </span>
     <span class='ocr_line' id='line_1_36' title="bbox 370 4040 1367 4127; baseline 0.003 -24"><span class='ocrx_word' id='word_1_257' title='bbox 370 4040 462 4118; x_wconf 92' lang='lat' dir='ltr'>huic,</span> <span class='ocrx_word' id='word_1_258' title='bbox 476 4042 536 4123; x_wconf 92' lang='lat' dir='ltr'>qui</span> <span class='ocrx_word' id='word_1_259' title='bbox 555 4040 678 4106; x_wconf 85' lang='lat' dir='ltr'>dilexit</span> <span class='ocrx_word' id='word_1_260' title='bbox 699 4061 837 4106; x_wconf 83' lang='lat' dir='ltr'>movere</span> <span class='ocrx_word' id='word_1_261' title='bbox 860 4043 965 4124; x_wconf 90' lang='lat' dir='ltr'>pedes</span> <span class='ocrx_word' id='word_1_262' title='bbox 980 4061 1074 4120; x_wconf 92' lang='lat' dir='ltr'>suos,</span> <span class='ocrx_word' id='word_1_263' title='bbox 1091 4049 1126 4106; x_wconf 90' lang='lat' dir='ltr'>et</span> <span class='ocrx_word' id='word_1_264' title='bbox 1141 4063 1211 4107; x_wconf 93' lang='lat' dir='ltr'>non</span> <span class='ocrx_word' id='word_1_265' title='bbox 1225 4044 1322 4127; x_wconf 90' lang='lat' dir='ltr'>quie·</span> <span class='ocrx_word' id='word_1_266' title='bbox 1334 4059 1367 4106; x_wconf 75' lang='lat' dir='ltr'>ss</span> 
     </span>
     <span class='ocr_line' id='line_1_37' title="bbox 370 4141 1323 4224; baseline 0.006 -22"><span class='ocrx_word' id='word_1_267' title='bbox 370 4141 433 4216; x_wconf 91' lang='lat' dir='ltr'>vit,</span> <span class='ocrx_word' id='word_1_268' title='bbox 450 4149 485 4205; x_wconf 83' lang='lat' dir='ltr'>et</span> <span class='ocrx_word' id='word_1_269' title='bbox 502 4142 652 4205; x_wconf 91' lang='lat' dir='ltr'>Domino</span> <span class='ocrx_word' id='word_1_270' title='bbox 679 4162 748 4206; x_wconf 92' lang='lat' dir='ltr'>non</span> <span class='ocrx_word' id='word_1_271' title='bbox 771 4141 912 4224; x_wconf 86' lang='lat' dir='ltr'>placuit.</span> <span class='ocrx_word' id='word_1_272' title='bbox 967 4142 1071 4206; x_wconf 90' lang='lat' dir='ltr'>Nunc</span> <span class='ocrx_word' id='word_1_273' title='bbox 1087 4143 1323 4208; x_wconf 84' lang='lat' dir='ltr'>recordabitur</span> 
     </span>
     <span class='ocr_line' id='line_1_38' title="bbox 367 4239 1321 4325; baseline 0.009 -24"><span class='ocrx_word' id='word_1_274' title='bbox 367 4239 589 4322; x_wconf 91' lang='lat' dir='ltr'>iniquitatum</span> <span class='ocrx_word' id='word_1_275' title='bbox 611 4261 742 4320; x_wconf 91' lang='lat' dir='ltr'>corum,</span> <span class='ocrx_word' id='word_1_276' title='bbox 765 4250 801 4306; x_wconf 83' lang='lat' dir='ltr'>et</span> <span class='ocrx_word' id='word_1_277' title='bbox 817 4240 972 4307; x_wconf 83' lang='lat' dir='ltr'>visitabit</span> <span class='ocrx_word' id='word_1_278' title='bbox 999 4250 1142 4325; x_wconf 84' lang='lat' dir='ltr'>peccata</span> <span class='ocrx_word' id='word_1_279' title='bbox 1172 4242 1321 4310; x_wconf 85' lang='lat' dir='ltr'>illorum.</span> 
     </span>
    </p>
   </div>
   <div class='ocr_carea' id='block_1_4' title="bbox 0 0 1512 5046">
    <p class='ocr_par' dir='ltr' id='par_1_5' title="bbox 0 0 1512 5046">
     <span class='ocr_line' id='line_1_39' title="bbox 0 0 1512 5046; baseline 0 2"><span class='ocrx_word' id='word_1_280' title='bbox 0 0 1512 5046; x_wconf 95' lang='lat' dir='ltr'> </span> 
     </span>
    </p>
   </div>
  </div>
 </body>
</html>
