3014 5046
425 1096 828 1194 PRAEFATIO
876 1115 1149 1199 GILDAE.

691 1368 857 1378 ἢ

359 1557 420 1640 §L
436 1557 482 1620 ΙΝ
497 1553 562 1622 hoc
570 1557 657 1623 libro
671 1561 834 1643 quicquid
850 1560 1007 1626 deflendo
1024 1562 1139 1644 potius
1156 1582 1261 1645 quam

307 1670 543 1751 declamando,
558 1675 618 1738 vili
633 1676 714 1741 licet
729 1678 833 1759 stylo,
850 1686 966 1742 tamen
983 1678 1146 1759 benigno,
1163 1678 1261 1742 fuero

306 1797 521 1869 prosecutus
549 1811 593 1856 ne
624 1793 701 1874 quis
730 1813 796 1869 me,
830 1794 956 1856 affectu
990 1800 1134 1856 cunctos
1165 1812 1261 1874 sper·

276 1905 432 1981 rnentis,
463 1908 665 1971 omnibusve
696 1908 1049 1990 melioris-quippe
1080 1908 1140 1990 qui
1166 1928 1259 1971 com·

304 2039 408 2085 mune
432 2024 599 2086 bonorum
627 2024 842 2106 dispendium
873 2025 1110 2106 malorumque
1139 2045 1259 2088 cumu-

304 2134 375 2200 lum
396 2137 588 2203 lacrimosis
608 2141 756 2223 querelis
777 2140 1048 2218 defleam,-sed
1072 2141 1258 2205 condolen-

304 2250 348 2314 tis
370 2255 493 2335 patriae
513 2256 851 2321 incommoditatibus
867 2257 1080 2338 miseriisque
1104 2257 1191 2341 ejus,
1217 2278 1258 2322 ac

302 2370 460 2433 remediis
487 2372 770 2449 condelectantis
800 2373 991 2436 edicturum
1020 2380 1139 2454 putet3
1174 2375 1257 2455 quia

256 2504 288 2550 ιο
301 2505 383 2549 vero
410 2508 480 2551 non
508 2496 580 2552 tam
608 2488 874 2553 fortissimorum
900 2489 1047 2551 militum
1072 2490 1256 2552 enunciare

300 2603 407 2666 trucis
417 2603 500 2666 belli
514 2605 668 2686 pericula
683 2604 766 2667 mihi
782 2610 953 2667 statutum
968 2611 1033 2680 est,
1047 2623 1151 2685 quam
1166 2604 1255 2667 desi-

298 2717 484 2782 diosorum.
537 2719 635 2797 Silui,
649 2719 772 2795 fateor,
788 2738 865 2782 cum
878 2719 1046 2781 immenso
1057 2719 1181 2781 mentis
1193 2719 1254 2782 do-

296 2833 369 2898 lore
385 2843 421 2899 et
434 2834 539 2898 animi
552 2836 827 2917 compunctione,
842 2833 1022 2916 cordisque
1037 2834 1253 2912 contritione,

297 2958 332 3014 et
346 2953 495 3016 attonito
511 2972 615 3015 sensu
637 2952 765 3034 saepius
781 2951 856 3014 haec
870 2950 986 3013 omnia
1008 2950 1044 3012 in
1067 2949 1181 3013 animo
1198 2972 1259 3060 re-'

252 3067 446 3145 revolvere,
473 3076 519 3145 et,
548 3076 588 3132 ut
610 3069 693 3132 mihi
722 3088 842 3130 renum
873 3073 1047 3151 scrutator
1075 3056 1279 3194 qfftisres't‘

296 3184 479 3261 Dominus
496 3186 610 3267 spatio
624 3184 761 3248 bilustri
777 3183 953 3266 temporis,
969 3140 1083 3257 cellud
1097 3136 1250 3265 'ambllds

295 3301 548 3381 praetereuntis,
565 3301 757 3382 imperitia;
781 3299 871 3362 sicut
891 3305 926 3361 et
949 3318 1052 3375 nunc,
1081 3317 1250 3361 unacum

551 3559 637 3608 Norns
654 3573 706 3607 nnn
722 3560 838 3607 Vitricus
856 3560 996 3608 Reiorues.

329 3679 505 3742 ²Hoclr'dro]
524 3679 583 3726 Hac
599 3677 755 3740 epistola-I.
785 3678 962 3727 admirandum
998 3679 1178 3741 legislatorem,
1216 3681 1248 3729 ob

330 3748 348 3780 ¹¹
365 3750 455 3812 Mihi]
478 3747 669 3810 V.;Velut,A.
784 3750 861 3797 unius
880 3750 950 3796 verbi
974 3749 1165 3811 dubitationem,
1187 3751 1248 3798 Ter-

329 3817 349 3850 ¹²
366 3820 476 3884 Dolore]
505 3819 609 3880 Dolore,
634 3823 662 3866 ut
684 3817 756 3879 mihi,
785 3833 838 3866 ram
861 3819 1064 3868 Desiderabilem
1087 3835 1136 3868 non
1161 3821 1247 3868 introi-

298 3891 327 3940 V.
336 3893 365 3939 J.
784 3889 850 3948 isse;
879 3890 943 3937 filios
967 3890 1110 3937 Sacerdotis
1135 3889 1246 3938 alienum

328 3960 347 3991 ¹⁶
361 3959 504 4022 Temporis]
526 3961 581 4008 Om.
595 3959 625 4008 V.
784 3959 941 4007 admovendo
969 3959 1044 4006 altari
1072 3960 1165 4022 ignem,
1195 3960 1245 4006 cito

328 4025 348 4063 ¹⁷
363 4030 418 4078 Uar
430 4030 505 4091 cam]
524 4030 583 4078 Una
593 4044 652 4078 cum
660 4028 754 4076 vilibus
783 4030 854 4076 exitu
874 4029 997 4089 periisse,
1015 4028 1138 4088 populum
1158 4029 1245 4075 verbo-

292 4101 439 4149 merueritis
456 4099 638 4160 inhibentibus,
648 4114 680 4146 ne
691 4113 755 4158 qua·
782 4113 838 4146 rum
850 4099 901 4147 Dei
912 4098 1130 4158 praevaricatorem
1147 4112 1245 4146 omnem

290 4169 755 4231 lemcunqueadmonitiunculamscri-
783 4169 816 4216 ad
832 4182 920 4228 unum,
938 4167 1168 4229 [praevaricatorem
1188 4182 1246 4216 sex·

292 4241 384 4289 berem.
429 4241 556 4301 Legebam
579 4239 754 4299 nihilominus,
782 4243 911 4286 centorum
919 4237 1036 4297 millium,
1044 4237 1085 4299 J.]
1093 4237 1193 4286 duobus
1201 4251 1245 4286 ex·

1037 4315 1094 4379 an
