3014 5046
350 452 394 516 22
660 466 834 514 ursronm
857 465 986 512 ornum.

350 622 580 688 irrationabili
602 625 733 704 absque
755 629 899 698 rectore,
922 619 1035 684 factus
1057 639 1127 683 non
1157 627 1229 684 tam
1251 620 1302 684 la·

352 722 489 806 pidibus
504 741 607 804 quam
621 722 820 806 cespitibus,
835 741 905 785 non
919 720 1061 803 profuit.

406 821 423 904 ᾗ
448 821 503 885 16.
540 821 609 886 Illa
633 822 769 903 legione
800 841 878 884 cum
906 818 1080 899 triumpho
1107 837 1237 899 magno
1268 826 1304 882 et

353 920 480 1002 gaudio
506 920 645 983 domum
671 927 860 1003 repetente,
882 919 933 983 illi
954 917 1085 1001 priores
1107 917 1248 994 inimici,
1262 936 1304 980 ac

354 1019 456 1102 quasi
477 1021 657 1084 ambrones
680 1019 754 1102 lupi
777 1018 949 1101 profunda
963 1017 1054 1080 fame
1068 1015 1190 1094 rabidi,
1204 1016 1304 1080 siccis
1333 1035 1348 1080 u
1431 1044 1435 1049 ⁴

354 1119 511 1182 faucibus
534 1120 571 1183 in
593 1118 683 1183 ovile
706 1117 970 1194 transsilientes,
992 1136 1062 1179 nou
1085 1122 1305 1198 comparente

355 1225 507 1301 pastore,
533 1219 597 1282 alis
623 1238 794 1281 remorum
818 1216 1052 1298 remigumque
1078 1215 1240 1292 brachiis,
1264 1233 1305 1278 ac

356 1317 441 1380 vebs
457 1325 563 1382 vento
579 1317 725 1380 sinuatis
739 1317 842 1393 vecti,
857 1315 1022 1379 terminos
1039 1320 1214 1397 rumpunt,
1236 1332 1304 1378 cae·

355 1415 511 1497 duntque
534 1418 660 1494 omnia,
685 1423 720 1480 et
740 1434 886 1497 quaeque
910 1414 1024 1489 obvia,
1046 1420 1217 1477 maturam
1240 1431 1305 1476 ceu

358 1521 522 1596 segetem,
536 1521 682 1589 metunt,
697 1515 845 1590 calcant,
859 1519 1053 1576 transeunt.
1317 1523 1351 1570 ro

195 1628 241 1667 The
256 1625 333 1666 second
409 1615 496 1696 §12
521 1615 721 1694 Iterumque
742 1613 926 1676 mittuntur
941 1610 1205 1693 querulilegati,
1220 1609 1305 1674 scis·

196 1679 317 1726 embaesyt
318 1686 330 1715 o
378 1712 386 1726 ,

196 1727 272 1766 Rome.

358 1731 418 1789 srs,
433 1718 474 1775 ut
487 1712 624 1789 dicitur,
635 1713 800 1790 vestibuS,
816 1711 1012 1794 opertisque
1027 1710 1169 1774 sablone
1182 1709 1305 1792 capiti·

358 1811 434 1887 bus,
449 1811 673 1894 impetrantes
687 1831 709 1875 a
723 1810 1043 1888 Romanisauxilia,
1054 1829 1095 1873 ac
1107 1809 1204 1873 velut
1214 1807 1305 1871 timi-

359 1909 393 1973 di
415 1910 501 1993 pulli
516 1920 654 1995 patrum
669 1910 874 1974 fidelissimis
891 1910 957 1973 alis
973 1909 1246 1985 succumbentes,
1261 1925 1306 1971 ne

358 2011 495 2090 penitus
521 2011 646 2073 misera
670 2010 785 2092 patria
809 2008 992 2086 deleretur,
1015 2027 1209 2089 nomenque
1231 2007 1350 2071 llo-1⁵

357 2126 509 2183 manum,
524 2108 615 2190 quod
630 2108 743 2172 verbis
757 2113 894 2170 tantum
910 2106 1002 2189 apud
1017 2126 1076 2171 eos
1091 2107 1232 2170 auribus
1252 2126 1306 2170 re·

357 2205 522 2284 sultabat,
537 2207 593 2270 vel
616 2211 859 2268 extranearum
878 2206 1033 2286 gentium
1055 2206 1239 2288 opprobrio
1254 2205 1306 2270 vi·

356 2303 511 2367 lesceret.
564 2303 614 2367 At
628 2304 691 2381 illi,
706 2310 873 2386 quantum
892 2303 1053 2367 humanae
1068 2310 1202 2367 naturae
1225 2323 1308 2386 pos-

358 2401 456 2466 sibile
478 2410 543 2480 est,
558 2405 720 2466 commoti
741 2409 850 2466 tantae
873 2402 1017 2466 historia
1035 2401 1229 2484 tragoediae,
1244 2422 1307 2466 vo-

356 2499 449 2564 latus
464 2522 527 2565 ceu
543 2503 749 2584 aquilarum,
764 2502 918 2584 equitum
937 2502 974 2564 in
997 2509 1100 2579 terra,
1123 2509 1307 2565 nautarum
1319 2514 1352 2561 ao

355 2599 392 2661 in
410 2601 509 2678 mari,
532 2619 653 2665 cursus
675 2601 907 2665 accelerantes
928 2600 1127 2684 inopinatos
1149 2598 1308 2684 primum,

355 2700 494 2764 tandem
520 2701 689 2764 terribiles
714 2701 930 2764 inimicorum
960 2719 1096 2781 ungues
1118 2700 1309 2764 cervicibus

353 2797 504 2880 infigunt
519 2819 734 2877 mucronum,
749 2800 954 2880 casibusque
974 2798 1134 2863 foliorum
1155 2804 1309 2880 tempore

354 2905 448 2961 certo
482 2898 752 2961 assimulandam
797 2897 901 2960 istam
929 2905 1102 2995 peragunt
1132 2904 1304 2979 stragem3

390 3101 539 3167 ⁴Legiooe.]
558 3106 614 3153 Om.
626 3106 660 3154 B.
880 3103 899 3134 ¹⁴
910 3105 1037 3168 Patrem]
1055 3105 1176 3166 Matrum,
1193 3104 1222 3154 V.

391 3169 401 3201 ⁴
413 3170 567 3242 Repeteote]
586 3175 743 3235 Repedante,
756 3176 789 3224 B.
880 3172 899 3204 ¹⁵
911 3174 1069 3236 Romanum]
1081 3174 1259 3235 Romanorum,
1271 3175 1306 3224 Β.

356 3238 515 3362 H⁴Priores
529 3244 645 3307 inimica]
671 3245 718 3294 See
736 3245 818 3307 Beda,
878 3239 899 3278 ¹⁴
917 3242 1122 3305 Ecetranorum]
1147 3243 1309 3308 Exterarum,

386 3312 576 3445 ⁵AAnbrooea]
606 3383 638 3431 Id
671 3387 719 3446 est,
746 3383 818 3445 saevi,
878 3377 899 3415 ¹⁷
912 3379 1067 3463 opprobria]
1085 3379 1308 3443 opprobriam,

352 3449 530 3585 glzwilbibidi]
549 3522 667 3584 Rapidia,
684 3521 818 3583 siccisque,
843 3451 977 3582 gpfflm
988 3451 1114 3512 Obmsum'
1126 3449 1167 3512 V
1179 3449 1305 3500 Pmord

354 3584 387 3634 A.
879 3587 898 3620 ²¹
923 3589 1037 3651 Caraca]
1067 3588 1122 3650 [Ad
1151 3588 1309 3650 simulitudi-

389 3653 399 3685 ⁶
422 3658 566 3722 Faucium]
595 3661 724 3708 Faucibus
752 3659 818 3707 ovile
843 3657 1209 3720 nam[sunt]haeoomnia,A.
1221 3674 1300 3721 marg.

354 3717 572 3789 circumsilientes,
589 3729 619 3778 V.
878 3725 899 3758 ⁴³
912 3728 1066 3789 Curibusque.
1068 3728 1079 3790 ]
1088 3727 1307 3791 Casibusqnae,V.

388 3791 512 3860 ⁸Veoto.]
529 3798 667 3845 Ventorum
681 3797 771 3860 planis,
788 3797 818 3846 V.
878 3793 1057 3858 ⁴³Foliorum]
1075 3797 1156 3857 Beda,
1168 3797 1308 3846 misunder-

388 3861 546 3928 ⁸Siouotis.]
563 3867 722 3928 Juvatis,13.
844 3866 962 3928 standing
978 3866 1029 3915 this
1046 3879 1165 3928 passage,
1183 3866 1307 3928 imagines

388 3931 581 3998 ⁸Coeduntqae.]
600 3936 718 3998 Caedunt,
729 3935 763 3984 A.
844 3937 899 3984 that
917 3937 960 3983 the
980 3935 1090 3985 Romans
1113 3936 1212 3984 arrived
1228 3936 1308 3986 ‘tem-

388 4000 407 4033 ¹¹
416 4005 620 4069 Iterumqae]B
635 4007 680 4056 V.·
674 4007 820 4068 ,itemque
843 4005 1048 4066 porcantumni.⁴
1084 4005 1120 4054 Η.
1133 4005 1164 4055 Ε.
1176 4004 1243 4067 §ab

878 4071 899 4104 ⁴⁴
908 4073 1106 4124 Asrimulaodam
1115 4075 1209 4138 iatum]
1222 4074 1306 4125 Adur

371 4107 600 4255 ln¹³1mpetrunteaJ
612 4146 772 4206 quarentes,
783 4143 816 4192 A.
843 4145 989 4209 milandom,
1000 4144 1100 4207 iisdem,
1115 4145 1145 4195 V.

350 4223 369 4267 g
379 4222 425 4256 ors.
