3014 5046
613 481 783 532 amsroun
807 480 938 528 cinna.
1204 463 1249 528 85

295 656 369 701 sam
383 637 533 703 humane
555 638 749 722 hospitibus
767 640 811 703 ad
832 640 948 722 ignem
968 658 1046 703 eum
1061 638 1162 703 avide
1176 645 1248 703 tra·

295 737 456 802 bentibus
471 740 645 822 apposuit,
661 748 697 804 et
710 740 867 824 objectus
881 740 1028 803 flammis
1042 759 1105 821 pro
1118 738 1249 803 Christi

295 839 441 903 caritate
466 839 568 915 dixit,
591 839 686 918 ‘Qui
709 840 804 904 dedit
828 840 911 903 mihi
935 841 1027 921 ignis
1054 839 1143 902 ferre
1166 859 1249 921 sup-

296 938 447 1020 plicium,
463 939 572 1015 dabit,
587 947 638 1017 ut,
653 941 727 1003 sine
742 940 919 1003 clavorum
928 939 1134 1016 confixione,
1149 939 1248 1002 flam·

267 1052 282 1096 t
296 1057 371 1101 mas
385 1039 604 1103 immobiliter
617 1039 811 1122 perferam.'
851 1039 968 1103 Unum
983 1038 1107 1115 adhuc,
1122 1047 1250 1121 praeter

296 1157 458 1220 magnam
472 1140 587 1202 verbis
600 1140 723 1204 volans
736 1147 934 1203 sanctorum
950 1139 1085 1214 silvam,
1100 1139 1249 1221 exempli

297 1240 412 1319 gratia
443 1258 583 1321 ponam,
621 1239 790 1303 Basilium
825 1239 967 1315 scilicet,
1000 1237 1249 1302 Caesariensem
1262 1254 1379 1295 manen.

297 1338 507 1421 episcopum,
523 1339 583 1421 qui
605 1359 683 1402 cum
699 1340 743 1402 ab
757 1339 876 1421 iniquo
891 1338 1044 1421 principe
1059 1339 1162 1402 minae
1185 1338 1250 1402 hu-

292 1438 485 1522 juscemodi
506 1440 772 1516 intentarentur,
787 1439 891 1521 quod,
913 1439 980 1502 nisi
1002 1439 1038 1501 in
1061 1439 1250 1502 crastinum

252 1561 285 1605 ro
297 1537 448 1603 Arriano
471 1558 583 1616 coeno,
605 1547 646 1604 ut
667 1540 784 1617 ceteri,
797 1539 1041 1616 macularetur,
1063 1546 1156 1603 esset
1177 1559 1250 1602 om-

297 1639 379 1702 nino
394 1639 593 1717 moriturus,
608 1639 737 1703 dixisse
751 1639 872 1717 fertur,
884 1644 894 1672 ‘
906 1639 983 1721 Ego
999 1657 1084 1702 sane
1099 1659 1157 1702 ero
1172 1658 1249 1702 cras

298 1739 358 1820 qui
377 1738 478 1802 hodie
498 1758 586 1816 sum,
610 1747 648 1803 tu
671 1747 706 1803 te
729 1739 862 1803 utinam
883 1758 952 1802 non
974 1739 1151 1802 mutares!
1203 1739 1250 1802 Et

297 1838 434 1916 iterum,
455 1839 621 1902 ‘Utinam
636 1839 796 1902 haberem
813 1838 943 1920 aliquid
967 1839 1063 1919 digni
1087 1839 1249 1914 muneriS,

299 1938 395 2019 quod*
419 1939 575 2003 offerrem
605 1939 697 2016 huic,
727 1939 786 2021 qui
813 1938 982 2002 maturius
1009 1937 1178 2002 Basilium
1207 1938 1250 2001 de

253 2058 285 2103 rs
298 2038 389 2101 nodo
399 2037 492 2102 follis
507 2039 610 2124 hujus
622 2038 840 2103 absolveret!
879 2037 967 2116 Quis
979 2058 1024 2101 ex
1032 2038 1131 2102 vobis
1147 2056 1250 2119 apos-

299 2139 393 2201 tolici
408 2141 575 2203 sermonis
598 2140 764 2221 regulam,
780 2158 858 2221 quae
877 2141 921 2203 ab
936 2139 1093 2202 omnibus
1116 2157 1252 2220 semper

299 2240 428 2301 sanctis
458 2240 693 2303 sacerdotibus
722 2240 914 2322 quibusque
943 2239 1155 2321 temporibus
1189 2258 1251 2301 ex·

296 2340 483 2416 stantibuS,
506 2339 691 2403 humanam
714 2341 971 2420 suggestionem
994 2339 1253 2421 praecipitanter

298 2438 343 2500 ad
373 2440 562 2521 nequitiam
591 2438 812 2502 festinantem
840 2439 1086 2501 recutientibus
1113 2445 1253 2501 servata

254 2557 286 2602 ao
299 2545 363 2615 est,
385 2539 421 2601 in
445 2539 669 2602 concussione
692 2542 922 2620 tyrannorum
939 2537 1112 2617 indirupte
1135 2544 1251 2600 custo-

299 2637 397 2714 divit,
408 2638 473 2699 hoc
488 2638 589 2702 modo
603 2638 731 2714 dicens,
744 2636 892 2699 Obedire
906 2642 1043 2718 oportet
1053 2637 1165 2716 magis
1176 2637 1252 2699 Deo

293 2756 402 2818 quam
418 2738 636 2801 hominibusi
1086 2738 1088 2740 ’

363 2837 380 2920 §
408 2837 463 2900 76.
509 2837 624 2919 Igitur
658 2836 897 2919 confugientes
935 2837 1038 2901 solito
1074 2854 1170 2898 more
1209 2833 1252 2897 ad
1265 2847 1407 2942 ,¹{3'ffi‘3fl„

301 2937 442 3000 Domini
481 2937 760 3014 misericordiam,
801 2945 1068 3019 sanctorumque
1106 2934 1252 3019 prophe·
1265 2943 1419 3036 {bigitti}

255 3043 413 3100 astarum
438 3037 513 3122 ejus
536 3057 651 3115 voceS,
677 3045 717 3101 ut
745 3038 795 3101 illi
822 3037 1007 3120 pronubis
1036 3035 1253 3100 oraculorum
1265 3048 1327 3096 houd.

300 3156 440 3201 suorum
463 3138 583 3222 jacula
613 3138 821 3221 imperfectis
850 3137 1059 3219 pastoribus,
1082 3142 1121 3200 ut
1150 3142 1259 3199 antea'

301 3238 471 3319 tyranniS,
515 3239 613 3320 queis
657 3237 854 3319 compuncti
897 3244 1075 3313 sanentur,
1117 3236 1256 3311 librent,

300 3338 479 3401 videamus
495 3338 577 3418 quid
593 3338 764 3401 Dominus
787 3336 830 3398 ad
855 3335 991 3398 desides
1006 3343 1041 3398 et
1055 3335 1256 3398 inhonestos

336 3530 506 3604 ⁷Basiliam.]
523 3537 576 3585 The
592 3538 765 3585 conversation
826 3531 846 3563 ¹⁷
858 3534 1030 3583 Sacerdotibus
1043 3569 1050 3584 .
1066 3570 1072 3584 .
1088 3533 1257 3597 ,hamuuumJ

301 3607 362 3656 here
384 3607 526 3656 mentioned
548 3607 608 3655 took
630 3608 703 3668 place
723 3608 766 3655 be·
791 3605 970 3654 Sacerdotibus
987 3605 1055 3653 omni
1077 3608 1188 3664 tempore
1211 3603 1259 3653 hu-

302 3682 385 3726 tween
397 3679 469 3726 Basil
480 3677 530 3725 and
540 3677 583 3725 the
596 3677 698 3725 Prefect
709 3677 766 3725 Mo·
793 3690 903 3737 marram,
917 3675 946 3725 V.

298 3748 399 3816 destas,
422 3747 472 3795 and
499 3748 522 3795 is
549 3747 680 3796 horrowed
703 3747 766 3795 from
826 3742 848 3774 ²⁰
864 3745 1024 3808 Custodiae]
1042 3742 1205 3805 custodiunt,
1223 3743 1258 3794 B.

303 3818 429 3879 Ruffinus,
440 3831 469 3866 11.
482 3818 518 3865 ix.
795 3817 828 3865 G.

339 3881 527 3955 ⁸Episcopum.]
548 3888 603 3936 Om.
620 3887 650 3935 V.
827 3882 915 3933 ²1Hoc
923 3884 1102 3946 mundicam]
1116 3884 1182 3935 Quae
1191 3885 1259 3945 ejus·

340 3954 360 3986 ¹²
372 3958 450 4021 Noa]
473 3958 527 4006 Om.
545 3958 575 4006 V.
793 3955 862 4003 modi
873 3959 921 4014 est,
936 3953 966 4001 V.

339 4024 359 4056 ¹⁴
371 4028 410 4076 De
428 4029 488 4075 nodo
500 4027 594 4088 follia]
621 4026 693 4074 Basil
709 4025 768 4072 here
829 4021 849 4053 ²¹
864 4021 990 4083 Obedire]
1007 4020 1067 4070 Act.
1080 4021 1118 4070 iii.
1131 4025 1171 4069 ll.

305 4097 404 4145 alludes
415 4100 441 4144 to
452 4097 493 4145 the
502 4097 626 4157 difficulty
633 4095 662 4144 of
670 4095 769 4143 breath-
830 4090 850 4127 ²7
864 4092 961 4155 Quale]
980 4091 1055 4151 Quis,
1067 4092 1101 4139 B.
1116 4092 1146 4140 V.

305 4167 348 4227 ing
376 4167 457 4214 under
475 4166 560 4214 which
582 4167 614 4213 he
638 4165 770 4225 laboured,
830 4161 981 4211 ”Dominus
998 4160 1051 4222 ud]
1070 4161 1196 4210 Dominus
1213 4176 1261 4222 per

306 4251 348 4285 see
361 4236 428 4284 Acta
438 4236 465 4285 S.
478 4236 579 4297 Basilii,
591 4252 633 4297 ap.
645 4235 714 4284 Acta
725 4235 769 4284 SS.
796 4233 940 4295 Prophetas
952 4230 994 4291 ud,
1008 4231 1038 4280 V.

306 4307 389 4355 Mens.
397 4307 480 4368 lunii,
491 4311 550 4356 tom.
558 4307 585 4354 ii.
592 4321 618 4366 p.
627 4309 685 4367 875,
693 4305 769 4367 §ala
