3014 5046
607 480 779 528 sersaoni
801 479 932 527 einum.
1208 464 1252 528 91

297 634 484 718 Prophetae
505 636 625 700 dicunt
647 637 709 715 eis,
735 637 818 702 Non
844 636 1006 703 videbitis
1029 637 1195 720 gladium,
1218 647 1253 704 et

296 736 403 800 sames
425 756 494 800 non
519 737 584 801 erit
605 736 642 800 in
657 738 768 815 vobis,
788 737 849 801 sed
874 755 996 820 pacem
1016 758 1134 803 veram
1156 738 1253 804 dabit

297 835 468 901 Dominus
482 837 581 901 vobis
603 837 639 900 in
662 837 740 901 loco
761 838 841 902 isto.
894 838 942 903 Et
966 838 1056 904 dixit
1080 838 1252 903 Dominus

296 936 341 1000 ad
363 955 438 1016 me;
464 936 569 1000 Falso
594 937 772 1020 prophetae
795 937 1031 1002 vaticinantur
1051 939 1088 1001 in
1114 939 1252 1002 nomine

269 1053 386 1113 amco,
409 1056 480 1101 non
503 1036 582 1100 misi
604 1056 664 1101 eos
679 1044 715 1101 et
728 1057 798 1102 non
820 1037 970 1120 praecepi
990 1037 1061 1117 eis3
1083 1037 1252 1103 visionem

297 1136 508 1214 mendacem,
529 1145 564 1201 et
583 1136 842 1214 divinationem,
865 1145 901 1203 et
914 1137 1195 1215 fraudulentiam,
1217 1145 1253 1203 et

297 1236 532 1301 seductionem
558 1237 671 1301 cordis
694 1238 761 1316 sui,
780 1237 991 1321 prophetant
1004 1237 1114 1302 vobis.
1168 1237 1253 1303 Ideo

297 1335 373 1400 haec
401 1337 486 1401 dicit
515 1337 699 1415 Dominus,
727 1337 771 1401 In
801 1338 918 1420 gladio
944 1345 980 1402 et
1008 1337 1099 1402 same
1126 1357 1252 1402 consu·

297 1444 434 1502 mentur
455 1437 634 1520 prophetae
657 1438 729 1517 illi;
753 1444 789 1501 et
809 1437 941 1520 populi,
957 1438 1082 1519 quibus
1104 1438 1252 1521 prophe-

254 1552 285 1596 ιο
298 1544 472 1614 taverunt,
496 1537 643 1621 projecti
672 1545 774 1601 erunt
800 1537 838 1601 in
861 1537 928 1602 viis
955 1537 1150 1602 Jerusalem
1179 1558 1252 1622 prae

298 1636 387 1701 same
403 1645 439 1701 et
451 1637 580 1718 gladio,
596 1645 631 1703 et
645 1656 716 1701 non
730 1637 796 1700 erit
809 1638 869 1719 qui
885 1638 1041 1720 sepeliat.

330 1737 411 1821 §82
426 1737 472 1800 Et
481 1737 619 1816 iterum,
629 1737 696 1801 Vae
706 1737 914 1820 pastoribus,
931 1737 991 1819 qui
1004 1737 1207 1820 disperdunt
1218 1745 1253 1802 et

298 1836 489 1901 dilacerant
512 1857 653 1919 gregem
672 1856 812 1919 pascuae
833 1856 932 1914 meae,
955 1836 1038 1901 dicit
1069 1837 1251 1901 Dominus.

300 1936 385 2002 Ideo
398 1936 473 2001 baec
488 1937 573 2003 dicit
588 1936 760 2001 Dominus
779 1938 877 2002 Deus
893 1936 1005 2001 Israel
1027 1937 1072 2000 ad
1094 1944 1253 2019 pastores

254 2048 285 2092 ¹⁵
299 2037 359 2118 qui
374 2046 522 2120 pascunt
536 2036 703 2120 populum
719 2057 845 2114 meum,
859 2036 935 2101 Vos
950 2036 1160 2119 dispersistis
1174 2057 1252 2119 gre·

299 2157 377 2217 gem
398 2157 524 2214 meum,
540 2145 577 2202 et
591 2138 742 2222 ejecistis
756 2156 828 2215 eos,
843 2145 879 2202 et
894 2157 964 2202 non
977 2137 1145 2201 visitastis
1161 2137 1252 2201 illos.

299 2235 401 2314 Ecce,
423 2257 490 2319 ego
503 2239 653 2303 visitabo
667 2258 772 2321 super
787 2257 850 2303 vos
869 2238 1037 2301 malitiam
1060 2238 1251 2303 studiorum

299 2345 504 2416 vestrorum,
516 2338 601 2401 dicit
616 2339 800 2404 Dominus
852 2337 1030 2421 Propheta
1045 2357 1194 2420 namque
1217 2344 1253 2402 et

300 2438 460 2502 sacerdos
488 2438 614 2520 polluti
643 2445 737 2514 sunt,
766 2444 803 2501 et
830 2438 868 2500 in
897 2437 1000 2501 domo
1028 2457 1106 2501 mea
1135 2436 1253 2501 inveni

254 2537 428 2601 aemulum
466 2556 596 2614 eorum,
624 2536 708 2600 dicit
737 2536 928 2615 Dominus3
968 2543 1004 2600 et
1040 2536 1167 2599 idcirco
1196 2537 1254 2600 via

299 2657 417 2701 eorum
432 2636 498 2700 erit
507 2636 607 2717 quasi
623 2635 792 2699 lubricum
809 2636 844 2697 in
861 2636 1022 2712 tenebris,
1030 2634 1255 2717 impellentur

299 2738 391 2800 enim
414 2743 450 2800 et
475 2743 637 2801 corruent
661 2735 698 2798 in
721 2753 775 2812 ea,
791 2734 931 2799 afferam
954 2735 1046 2798 enim
1068 2753 1172 2817 super
1194 2750 1253 2798 eos

299 2837 403 2913 mala,
427 2855 558 2899 annum
577 2835 787 2901 visitationis
809 2854 939 2912 comm,
961 2833 1045 2898 dicit
1069 2835 1252 2899 Dominus.

300 2936 348 3000 Et
362 2936 398 2999 in
413 2937 591 3019 prophetis
614 2936 780 3000 Samariae
797 2935 866 3000 vidi
880 2934 1089 3013 fatuitatem,
1113 2942 1149 2999 et
1172 2955 1253 3017 pro·
1378 2936 1384 2944 '

253 3059 286 3104 aa
300 3035 491 3119 phetabant
505 3038 542 3101 in
558 3037 659 3114 Baal,
674 3044 710 3101 et
725 3035 942 3119 decipiebant
959 3035 1125 3118 populum
1140 3055 1254 3099 meum

302 3136 431 3217 Israel;
456 3137 540 3201 etin
560 3137 738 3220 prophetis
753 3136 776 3200 J
779 3137 949 3200 emsalem
963 3136 1035 3200 vidi
1056 3136 1253 3199 similitudi·

301 3257 391 3314 nem,
415 3237 635 3315 adulterium,
649 3245 685 3302 et
698 3238 765 3301 iter
788 3236 970 3313 mendacii,
984 3243 1020 3300 et
1034 3235 1253 3300 confortave-

301 3345 383 3401 runt
409 3356 531 3399 manus
561 3337 799 3419 pessimorum,
826 3343 867 3400 ut
896 3355 967 3399 uon
995 3343 1254 3400 converteretur

301 3434 538 3518 unusquisque
553 3454 574 3499 a
587 3435 721 3499 malitia
735 3454 821 3514 sua3
844 3433 928 3498 sacti
942 3439 1024 3497 suut
1036 3433 1120 3497 mihi
1134 3453 1254 3498 omnes

257 3556 289 3602 so
302 3536 464 3612 Sodoma,
493 3544 529 3599 et
557 3535 770 3600 habitatores
807 3533 883 3618 ejus
915 3533 1014 3616 quasi
1044 3531 1252 3598 Gomorrab.

303 3635 494 3719 Propterea
507 3637 581 3699 baec
596 3636 680 3700 dicit
695 3634 866 3699 Dominus
883 3634 927 3697 ad
947 3633 1146 3716 prophetas,
1163 3633 1253 3698 Ecce

302 3756 367 3818 ego
390 3737 512 3802 cibabo
537 3757 597 3800 eos
623 3735 808 3812 absinthio,
824 3743 860 3799 et
879 3735 1007 3816 potabo
1030 3753 1090 3797 eos
1112 3733 1213 3813 selle3
1231 3753 1255 3798 a

300 3836 478 3918 prophetis
512 3839 603 3901 enim
632 3834 827 3900 Jerusalem
856 3841 911 3898 est
939 3852 1080 3916 egressa
1106 3833 1254 3916 pollutio

301 3954 407 4019 super
418 3957 553 4001 omnem
568 3945 707 4001 terram.
761 3934 851 3998 Haec
866 3934 949 3997 dicit
964 3934 1136 3998 Dominus
1152 3952 1253 3996 exer·
1343 3975 1349 3984 ·

257 4053 287 4098 aa
301 4037 443 4119 cituum,
475 4036 595 4101 Nolite
624 4035 744 4100 audire
769 4035 876 4099 verba
901 4031 1158 4115 prophetarum,
1192 4033 1252 4113 qui

300 4136 510 4218 prophetant
524 4138 634 4213 vobiS,
648 4144 683 4200 et
696 4135 872 4217 decipiunt
886 4152 960 4209 voa,
975 4132 1144 4203 visionem
1158 4133 1250 4196 enim

302 4236 414 4299 cordis
430 4237 484 4299 sui
498 4237 698 4319 loquuntur,
715 4256 784 4300 non
800 4235 843 4298 de
859 4254 917 4298 ore
934 4233 1086 4298 Domini.
1120 4233 1251 4298 Dicunt
