3014 5046
615 457 787 507 nrrsronn
811 438 941 511 erun‘n.
1212 450 1257 512 65

301 613 417 677 fimum
441 615 556 690 bourn,
580 622 614 678 et
635 623 817 696 argentum
840 636 958 680 eorum
981 624 1016 681 et
1038 637 1160 682 aurum
1186 640 1256 684 nou

301 715 454 796 poterint
473 715 623 778 eximere
641 735 700 779 eos
720 716 757 780 iu
779 716 834 780 die
853 719 914 780 irae
940 717 1092 783 Domini.
1146 721 1193 784 Et
1219 722 1256 784 iu

300 815 381 896 igne
406 815 471 878 zeli
496 815 570 899 ejus
594 822 816 879 consumetur
839 819 952 880 omnis
980 825 1084 896 terra,
1115 821 1255 901 quando

302 916 632 979 consummationem
655 923 690 979 et
712 916 933 983 solitudinem
956 917 1059 981 saciet
1083 918 1254 984 Dominus

272 1032 404 1097 esuper
425 1034 545 1079 omues
572 1024 823 1079 commorantes
845 1017 882 1080 iu
904 1024 1008 1080 terra.
1061 1015 1255 1084 Convenite

300 1123 336 1179 et
361 1114 612 1199 conjungimini
638 1134 724 1196 gens
752 1116 1022 1198 indisciplinata,
1052 1118 1254 1201 priusquam

299 1213 494 1279 efficiamini
506 1217 596 1279 sicut
610 1214 674 1279 flos
692 1216 905 1296 praeteriens,
920 1218 1122 1299 priusquam
1136 1221 1255 1284 veniat

300 1333 481 1396 supervos
495 1335 548 1378 rra
561 1314 714 1378 Domini.
1002 1357 1006 1364 ι

352 1414 437 1497 556.
461 1415 508 1479 Et
527 1414 610 1497 quid
633 1413 789 1497 Aggaeus
808 1424 908 1481 sanct
909 1437 950 1480 us
970 1418 1140 1502 propheta
1161 1419 1253 1484 dicat
1268 1435 1368 1484 vaauen

255 1521 352 1578 rotat
338 1516 479 1580 tendite.
532 1514 623 1580 Haec
644 1516 728 1579 dicit
746 1515 929 1595 Dominae,
953 1518 1066 1581 Semel
1086 1538 1151 1600 ego
1178 1539 1251 1584 mo·
1265 1487 1354 1586 ildini

300 1616 387 1680 vebo
409 1615 548 1691 coelum,
569 1622 639 1679 ett
640 1635 764 1692 arram,
790 1625 824 1681 et
845 1637 952 1695 mare,
978 1624 1014 1682 et
1037 1619 1192 1699 aridum;
1217 1627 1252 1683 et

299 1724 455 1780 avertam
469 1735 625 1796 regnum,
649 1724 684 1780 et
699 1717 936 1780 exterminabo
951 1718 1114 1781 virtutem
1132 1738 1254 1799 regum

299 1817 466 1896 gentium,
481 1823 516 1879 et
531 1823 686 1879 avertam
700 1816 888 1898 quadrigas
903 1825 937 1880 et
952 1836 1163 1881 ascensores.

352 1917 369 1999 §
384 1917 438 1981 57.
463 1916 568 1980 Nunc
583 1936 720 1998 quoque
734 1917 816 1998 quid
827 1917 1017 1980 Zacharias
1032 1917 1123 1980 filius
1137 1915 1241 1980 Addo
1242 1925 1412 2016 ’diffie

255 2034 286 2079 15
299 2017 469 2098 propheta
503 2016 591 2079 elect
577 2022 645 2095 tus,
680 2017 808 2080 dixerit
832 2017 1026 2094 intuemini,
1056 2017 1121 2080 hoc
1150 2018 1318 2081 modoru-

300 2117 516 2199 prophetiam
531 2137 629 2180 suam
639 2117 834 2181 exordiens,
887 2117 1115 2182 Revertimini
1129 2118 1252 2196 adme,

300 2224 336 2280 et
354 2225 509 2281 revertar
530 2219 573 2281 ad
594 2237 657 2282 vos
679 2218 763 2281 dicit
776 2218 967 2298 Dominus;
990 2227 1025 2282 et
1043 2219 1150 2282 nolite
1164 2219 1251 2283 tales

301 2336 376 2388 esse
409 2319 498 2382 sicut
533 2327 650 2400 patres
684 2319 802 2395 vestri,
838 2320 963 2400 quibus
992 2320 1252 2400 imputaverunt

299 2417 476 2499 prophetae
505 2420 637 2500 priores
661 2419 826 2494 dicentes,
857 2417 947 2483 Haec
974 2419 1058 2482 dicit
1079 2419 1251 2482 Dominus

255 2519 528 2601 eoomnipotens,
552 2517 711 2583 Avertite
736 2537 800 2581 vos
825 2536 847 2580 a
870 2519 936 2582 viis
961 2519 1095 2594 vestris
1123 2526 1158 2582 et
1181 2539 1251 2582 nou

297 2618 532 2694 intenderunt,
547 2625 587 2681 ut
601 2618 805 2681 obaudirent
814 2637 879 2679 me.
932 2618 979 2681 Et
990 2616 1092 2693 infra,
1105 2617 1151 2680 Et
1162 2618 1253 2680 dixit

298 2718 342 2781 ad
358 2739 412 2782 me
429 2716 598 2799 Angelus,
614 2717 708 2795 Quid
723 2724 762 2779 tu
776 2717 897 2779 videst
952 2717 997 2780 Et
1008 2716 1093 2792 dixi,
1110 2715 1250 2779 Falcem

297 2838 363 2900 ego
388 2820 489 2883 video
518 2819 693 2881 volantem
721 2815 948 2896 longitudinis
978 2816 1170 2879 cubitorum
1199 2817 1251 2879 vi-

298 2919 398 2998 ginti,
439 2917 636 2980 maledictio
673 2917 762 2997 quae'
788 2914 942 2997 procedit
984 2935 1088 2997 super
1128 2915 1269 2979 faciem*

253 3019 404 3082 2⁵totius
428 3027 552 3096 terrae;
582 3017 745 3099 quoniam
774 3015 885 3078 omnis
915 3015 972 3078 sur
997 3036 1041 3079 ex
1072 3035 1114 3078 ea
1142 3036 1252 3098 usque

297 3119 341 3180 ad
364 3127 508 3193 mortem
530 3118 704 3201 punietur,
728 3124 763 3180 et
776 3116 955 3199 projiciam
978 3137 1057 3180 eum
1078 3115 1163 3180 dicit
1177 3118 1251 3180 Do-

297 3219 410 3284 minus
430 3219 659 3300 omnipotens,
682 3225 717 3281 et
737 3216 881 3280 intrabit
895 3217 932 3279 iu
954 3216 1094 3281 domum
1113 3215 1251 3294 furoriS,

297 3319 390 3382 etin
416 3319 554 3382 domum
573 3317 760 3402 jurationis
783 3317 819 3378 iu
849 3317 987 3379 nomine
1009 3336 1086 3379 meo
1108 3316 1250 3379 menda-

297 3420 398 3482 cium.

253 3524 286 3575 30
349 3517 436 3603 §aa
461 3518 609 3582 Sanctus
632 3528 768 3598 quoque
792 3514 986 3578 Malachiae
1008 3515 1178 3597 propheta
1199 3516 1251 3578 di-
1262 3524 1366 3614 {getanae

296 3588 356 3696 cit,
380 3619 470 3682 Ecce
492 3618 565 3701 dies
585 3617 728 3681 Domini
744 3617 860 3680 veniet
884 3634 1050 3678 succensa
1072 3616 1172 3698 quasi
1192 3635 1250 3678 ca·
1265 3625 1363 3664 deht

296 3720 422 3797 minuS,
438 3712 473 3783 et
487 3726 588 3782 erunt
601 3737 719 3781 omnes
733 3717 883 3799 superbi,
902 3722 937 3780 et
951 3735 1069 3780 omnes
1085 3716 1250 3780 facientes

296 3819 513 3902 iniquitatem
535 3826 575 3884 ut
604 3817 745 3900 stipula,
775 3825 810 3881 et
838 3817 1067 3881 inflammabit
1090 3835 1149 3879 eos
1178 3816 1251 3878 dies

297 3920 496 3997 adveniens
521 3920 605 3983 dicit
627 3919 798 3983 Dominus
821 3918 1048 3993 exercituum,
1073 3935 1151 3997 quae
1181 3935 1252 3996 non

254 4039 285 4083 as
297 4021 468 4104 relinquet
483 4041 529 4084 ex
544 4021 593 4084 eis
608 4019 757 4081 radicem
773 4024 808 4080 et
822 4037 974 4098 germen.

331 4193 342 4224 ⁹
358 4195 490 4259 Aggasus]
506 4197 534 4244 ii.
546 4200 587 4245 22.
825 4189 846 4222 ³⁰
860 4191 1018 4253 Malachiae]
1032 4190 1066 4238 iv.
1080 4194 1103 4238 l.

333 4265 352 4296 ¹⁴
369 4266 525 4330 Zacharias]
541 4267 558 4315 i.
572 4270 640 4327 3,4;
654 4281 679 4314 v.
691 4269 717 4325 2,
729 4269 753 4313 3.
1038 4336 1060 4398 3
1084 4352 1103 4396 F
