3014 5046
609 487 781 535 ursronm
805 488 935 537 ornum.
1207 473 1250 536 15

296 652 421 728 parata
442 645 576 708 sortiter
598 645 760 709 dimicare
786 665 849 728 pro
872 646 999 729 patria,
1023 665 1135 727 neque
1161 664 1247 726 qna·

298 744 433 808 dratum
448 764 585 826 agmen,
596 746 878 827 nequedextrum
890 766 1010 823 cornu,
1022 747 1156 810 aliusve
1167 745 1248 808 belli

298 852 486 927 apparatus
514 845 551 908 in
580 846 697 909 littore
727 847 932 923 conseritur,
967 847 1027 910 sed
1056 853 1156 927 terga
1183 864 1247 928 pro

297 946 406 1008 scutis
435 944 637 1027 fugantibus
665 945 807 1022 dabant,
838 953 873 1008 et
901 945 992 1009 colla
1019 945 1156 1027 gladiis
1186 964 1246 1026 ge-

270 1045 368 1110 alido
392 1064 455 1126 per
479 1064 560 1109 ossa
584 1051 732 1108 tremore
757 1051 927 1121 currente,
954 1064 1146 1126 manusque
1171 1044 1247 1107 vin-

298 1145 430 1208 ciendae
446 1144 659 1209 muliebriter
679 1144 950 1228 protenduntur3
976 1145 1027 1209 ita
1049 1145 1146 1207 utin
1167 1163 1248 1226 pro-

298 1244 455 1308 verbium
479 1244 573 1307 etin
601 1244 751 1307 derisum
775 1244 879 1326 longe
907 1245 1046 1326 lateque
1075 1243 1248 1321 efferatur,

298 1343 392 1424 qnod
416 1347 486 1406 non
511 1343 672 1408 Britanni
700 1344 829 1408 sintin
853 1344 945 1409 bello
968 1343 1086 1422 fortes,
1119 1364 1182 1408 neo
1212 1344 1248 1406 in

299 1463 385 1525 pace
398 1442 528 1507 fideles.

254 1565 287 1609 ro
351 1543 415 1626 §7.
440 1543 566 1625 Itaque
588 1543 750 1620 Romani,
770 1543 887 1607 multis
906 1540 1113 1627 perfidorum
1137 1543 1249 1619 caesis,
1262 1545 1412 1635 ggffiggdffssdss

299 1642 474 1706 nonnullis
493 1642 538 1707 ad
562 1645 776 1720 servitutem,
794 1662 838 1706 ne
861 1652 953 1706 terra
972 1645 1112 1726 penitus
1134 1644 1170 1705 in
1193 1662 1249 1706 so-

299 1742 479 1806 litudinem
511 1742 735 1823 redigeretur,
771 1743 1022 1823 mancipalibus
1053 1743 1250 1818 reservatiS,

299 1843 414 1925 patria
437 1841 510 1906 vini
537 1842 672 1923 oleique
698 1848 841 1924 experte
866 1843 998 1919 relicta,
1025 1841 1166 1904 Italiam
1189 1861 1249 1922 pe·

299 1948 605 2023 tunt,snorumque
614 1940 781 2023 quosdam
790 1942 995 2024 praepositos
1004 1941 1250 2022 relinquentes

254 2060 285 2105 15
299 2041 538 2123 indigenarum
558 2041 669 2105 dorsis
690 2041 883 2122 mastigias,
903 2041 1094 2105 cervicibus
1110 2040 1249 2123 jugum,

299 2142 374 2205 solo
393 2161 518 2205 nomen
539 2138 709 2205 Romanae
731 2141 908 2205 servitutis
931 2141 1062 2204 haerere
1084 2140 1249 2217 facturos

299 2260 340 2304 ac
356 2261 426 2304 non
442 2249 514 2305 tam
528 2241 669 2305 militari
682 2261 788 2305 manu
805 2260 910 2322 quarn
928 2241 1076 2322 flagellis
1091 2241 1250 2304 callidam

300 2348 439 2422 gentem
463 2348 710 2418 maceraturos,
737 2349 784 2418 et,
813 2341 843 2403 si
869 2360 924 2404 res
948 2341 998 2404 sio
1027 2341 1250 2423 postulasset,

300 2459 427 2518 ensem,
447 2448 487 2504 ut
506 2441 643 2517 dicitur,
660 2442 790 2521 vagina
808 2458 956 2503 vacuum
974 2440 1075 2503 lateri
1092 2440 1169 2522 ejus
1187 2460 1251 2522 po-

253 2558 286 2603 no
299 2541 373 2621 puli
390 2539 728 2617 accommodaturos;
754 2541 805 2601 ita
827 2547 867 2602 ut
891 2559 961 2602 non
982 2539 1167 2602 Britannia
1191 2539 1252 2602 sed

301 2639 462 2703 Romana
488 2639 603 2701 insula
636 2645 843 2713 censeretur,
871 2644 906 2701 et
934 2637 1098 2719 quioquid
1126 2637 1253 2701 habere

299 2740 470 2821 potuisset
487 2739 578 2814 aeris,
595 2737 741 2819 argenti,
755 2737 811 2803 vel
825 2736 912 2813 auri,
934 2737 1086 2818 imagine
1103 2737 1253 2800 Caesaris

300 2845 491 2903 notaretur.

353 2937 417 3020 §8.
442 2938 582 3002 Interea
605 2937 744 3019 glaciali
766 2935 894 3018 frigore
917 2936 1043 3017 rigenti
1064 2935 1200 3012 insulae,
1218 2942 1254 2999 et
1265 2951 1358 3041 {mter

254 3055 286 3100 aa
300 3038 396 3102 velut
417 3039 572 3120 longiore
595 3045 764 3102 terrarum
787 3057 925 3100 secessu
948 3036 1013 3100 soli
1035 3035 1162 3100 visibili
1183 3056 1253 3099 non
1336 3028 1342 3039 “

299 3139 479 3221 proximae,
493 3157 596 3204 verus
610 3138 669 3202 ille
686 3137 758 3214 Sol,
772 3157 843 3201 non
858 3137 901 3201 de
913 3137 1130 3200 firmamento
1141 3135 1254 3199 solum

299 3238 493 3321 temporali,
519 3237 579 3300 sed
607 3238 650 3301 de
680 3257 814 3300 summa
842 3239 947 3302 etiam
978 3237 1144 3299 coelorum
1174 3255 1254 3298 arce

333 3478 525 3542 ¹Coaseritur.]
557 3480 763 3541 Conspiciuntur,
824 3474 842 3506 ²¹
861 3477 991 3538 Romana]
1009 3475 1176 3536 Romania,.l.
1189 3474 1254 3523 Con·

303 3552 349 3610 V.;
361 3551 401 3598 vel
412 3551 536 3610 innititur,
545 3551 620 3610 gloss.
789 3547 892 3608 ceraing
903 3546 945 3594 the
956 3560 1029 3593 name
1040 3545 1069 3593 of
1083 3546 1090 3571 ‘
1102 3544 1192 3592 Insula
1204 3544 1254 3592 Ro-

334 3619 344 3647 ⁴
361 3620 481 3682 Dabunt]
499 3617 532 3668 A.
545 3621 601 3668 add.
614 3619 742 3667 Romania.
788 3616 880 3677 mana,’
897 3630 939 3665 see
951 3615 1049 3665 Carte’s
1061 3614 1131 3664 Hist.
1147 3614 1222 3676 Engl.
1234 3615 1252 3662 i.

334 3686 345 3724 ⁷
361 3689 512 3754 Efferutor.]
524 3690 670 3750 Efferretur,
682 3688 711 3738 V.
717 3690 738 3736 J
739 3703 761 3748 .;
789 3691 847 3747 190,
857 3690 923 3734 note.

299 3766 424 3822 narratur,
434 3759 468 3808 A.
479 3761 553 3821 glosa.
823 3752 842 3785 ²¹
860 3754 967 3816 Insula]
988 3754 1042 3802 Om.
1055 3753 1089 3801 B.
1107 3753 1137 3801 V.

336 3828 355 3860 ¹³
372 3830 483 3892 Patria]
501 3829 644 3889 Patriique,
656 3827 690 3876 Β.
823 3823 842 3855 ¹¹
861 3824 981 3886 Habere]
1000 3823 1107 3885 Haben,
1124 3823 1154 3872 V.

336 3897 355 3930 ¹³
372 3900 490 3962 Relicta]
512 3901 543 3949 V.
554 3915 561 3958 ;
572 3914 618 3946 om.
630 3898 712 3946 MSS.
823 3892 844 3924 ²¹
860 3893 1006 3955 Potuisset]
1025 3894 1167 3953 Posuisaet‚
1178 3888 1212 3938 A.

336 3968 355 4000 ¹⁶
372 3970 487 4032 Nomen]
506 3970 624 4030 Nomine,
636 3966 669 4016 A.
823 3962 844 3994 ¹⁴
861 3965 979 4026 Interea]
997 3963 1067 4011 Dum
1078 3966 1189 4024 aguntur
1197 3959 1253 4007 haeo

336 4037 355 4068 ¹⁶
372 4040 529 4103 Servitutis]
547 4039 665 4099 Virtutis,
676 4039 711 4088 Β.
788 4035 954 4094 infidelitatis,
965 4031 998 4081 Α.
1008 4033 1084 4094 gloss.

335 4107 355 4139 ¹⁶
374 4110 498 4172 Hoerere]
517 4110 629 4170 Honore,
645 4109 675 4157 V.
824 4102 844 4134 ¹⁴
862 4103 988 4166 arguet]
1006 4103 1108 4163 Rigent,
1124 4101 1155 4150 V.

335 4176 354 4208 ¹⁷
372 4180 514 4242 Flagellis]
526 4180 635 4242 Flagris,
647 4179 681 4228 B.
694 4178 723 4227 V.
733 4179 761 4226 J.
824 4172 844 4202 ²⁴
861 4176 917 4238 Et]
930 4174 1007 4233 Quae,
1024 4172 1119 4231 V.;ut,
1130 4171 1165 4219 B.

336 4247 354 4278 ¹¹¹
373 4250 483 4312 Popula]
505 4250 559 4299 Om.
574 4249 606 4296 Β.
625 4249 654 4296 V.
667 4250 694 4295 J.
824 4243 844 4272 ²⁶
861 4245 925 4307 Sot]
946 4244 1001 4291 Om.
1015 4242 1048 4290 Β.
1065 4241 1095 4290 V.
1107 4243 1136 4290 J.
