3014 5046
616 471 789 518 nrisroni
812 471 942 519 cunm.
1209 456 1254 519 77

294 639 369 690 ,non
398 627 582 691 violaverit
620 635 796 710 praecepta
827 628 980 706 Domini,
1014 628 1179 710 rapiendo
1216 629 1253 692 in

198 796 200 799 ,
298 726 491 805 fuscinulis
507 734 694 809 antequam
711 729 816 811 adeps
831 729 982 792 Domino
1001 728 1192 807 offerretur,
1208 748 1253 792 ex

297 827 376 890 ollis
392 847 526 907 carnes,
541 829 623 891 dum
637 828 755 892 eadem
778 830 899 892 mortis
912 830 976 903 ira,
992 848 1062 910 qua
1075 830 1137 893 filii
1159 837 1253 907 sunt,

299 927 513 992 mulctaturl
568 927 668 1006 Quis,
693 949 792 1010 rogo,
809 948 938 1006 eorum,
954 929 997 993 de
1011 949 1158 1011 quornm
1180 950 1254 993 mo-

273 1027 395 1091 ⁵ribus
421 1029 507 1092 satis
530 1030 640 1092 multa
659 1030 817 1111 superius
839 1029 1001 1106 diximuS,
1019 1032 1063 1093 ob
1088 1030 1255 1095 invidiam

297 1129 450 1192 melioris
473 1129 596 1192 hostiae
619 1129 823 1212 coelestique
845 1130 918 1212 igni
939 1130 977 1192 in
999 1130 1097 1193 coelis
1112 1137 1254 1208 evectae,

298 1235 340 1297 ut
362 1226 465 1306 Abel,
488 1230 649 1294 occisus?
674 1230 733 1311 qui
755 1230 860 1294 etiam
882 1229 1063 1294 mediocris
1080 1231 1176 1294 verbi
1198 1249 1254 1294 as-

300 1336 490 1412 pernantur
502 1331 705 1413 convitium.
744 1330 832 1408 Quis
847 1350 990 1412 perosus
1005 1337 1060 1393 est
1073 1331 1254 1394 consilium

299 1430 577 1511 malignantium,
592 1438 628 1494 ot
644 1449 722 1493 cum
741 1430 856 1512 impiis
882 1451 953 1494 non
976 1430 1076 1507 sedit,
1091 1431 1142 1494 ita
1155 1437 1195 1493 ut
1210 1431 1254 1494 de

254 1544 341 1594 loeo
356 1531 505 1594 veridice
527 1531 627 1612 quasi
650 1532 692 1594 de
707 1529 829 1594 Enoch
851 1530 1033 1609 diceretur,
1047 1529 1254 1595 Ambulavit

298 1629 421 1694 Enoch
447 1651 525 1695 cum
554 1631 632 1694 Deo
654 1638 689 1695 et
712 1651 782 1694 non
803 1632 1055 1707 inveniebatur,
1075 1632 1112 1694 in
1135 1631 1254 1695 mundi

298 1731 431 1794 scilicet
444 1731 601 1795 vanitate
616 1731 727 1794 omnis
742 1738 822 1812 post
837 1731 932 1794 idola
946 1730 1098 1813 proclive
1113 1731 1148 1793 id
1163 1738 1251 1794 tem-

299 1831 394 1913 poris
419 1831 625 1909 claudicare,
642 1831 763 1895 relicto
779 1831 868 1907 Deo,
891 1831 1109 1912 insipientis'l
1164 1829 1252 1907 Quis

300 1950 419 1994 eorum
443 1931 589 1995 salutari
613 1931 650 1993 in
664 1929 770 2008 Arca,
794 1931 859 1993 hoc
884 1938 950 2007 est,
974 1950 1065 1994 nunc
1082 1930 1252 2008 Ecclesia,

256 2041 287 2088 1⁵
300 2030 432 2095 nullum
459 2033 536 2096 Deo
563 2030 815 2108 adversantem,
846 2038 886 2094 ut
914 2031 993 2095 Noe
1020 2031 1141 2094 diluvii
1166 2037 1252 2094 tem-

299 2151 395 2214 pore,
409 2153 480 2196 non
494 2132 644 2209 admisit,
659 2139 699 2195 ut
714 2131 895 2214 perspicue
917 2137 1170 2196 monstraretur
1182 2151 1253 2196 non

299 2233 367 2295 nisi
392 2233 554 2297 innoxios
568 2233 625 2297 vel
648 2233 858 2314 poenitentes
882 2233 1040 2313 egregios
1064 2232 1102 2295 in
1129 2233 1252 2296 Domi-

300 2332 380 2396 nica
393 2333 495 2398 domo
515 2353 590 2396 esse
613 2333 759 2396 debere?
813 2331 901 2409 Quis
917 2333 1105 2396 victoribus
1128 2333 1251 2410 solum,

301 2439 335 2496 et
349 2434 386 2496 in
399 2433 643 2498 tricentenario
666 2452 820 2509 numero,
843 2431 908 2495 hoc
922 2439 976 2497 est
990 2433 1173 2496 Trinitatis
1196 2452 1252 2497 sa-

254 2549 288 2594 20
301 2542 488 2611 cramento,
514 2534 660 2596 liberato
681 2533 791 2617 justo,
816 2551 935 2614 regum
958 2533 1121 2614 quinque,
1135 2533 1253 2596 victri-

295 2633 459 2716 ciumque
475 2642 666 2698 turmarum
688 2632 861 2695 exercitus
884 2630 1009 2695 ferales
1023 2633 1252 2710 vincentihuS,

301 2740 336 2797 et
362 2753 580 2817 nequaquam
600 2733 713 2796 aliena
734 2731 962 2814 cupientibuS,
981 2733 1185 2796 sacrificium
1201 2732 1252 2796 of-

300 2833 426 2912 ferenS,
441 2841 481 2898 ut
496 2832 762 2909 Melchisedech,
773 2831 975 2896 benedixit'l
1029 2832 1118 2910 Quis
1129 2840 1253 2915 sponte

301 2936 478 3017 proprium
493 2937 530 2998 in
544 2935 647 2999 altari
658 2934 771 3016 capite
786 2932 998 3010 caedendum,
1012 2932 1252 3011 utAhraham,

256 3054 288 3099 ns
302 3036 379 3099 Deo
407 3037 564 3119 jubente,
587 3035 713 3099 obtulit
736 3034 855 3111 filium,
879 3040 919 3097 ut
945 3034 1055 3098 simile
1080 3035 1253 3118 quoddam

301 3134 381 3199 huic
399 3137 557 3220 impleret
573 3136 703 3200 Christi
724 3135 926 3199 mandatum
941 3135 1098 3212 dicentiS,
1116 3136 1253 3199 oculum

300 3236 461 3300 dextrum
493 3237 786 3301 scandalizantem
814 3235 916 3298 evelli
944 3235 1079 3312 dehere,
1108 3243 1144 3300 et
1173 3257 1253 3319 pro-

301 3337 415 3419 phetae
429 3343 652 3418 praecaveret,
667 3354 704 3397 se
719 3330 939 3397 maledictum
959 3354 1035 3397 esse
1051 3335 1203 3416 gladium
1219 3343 1254 3400 et

301 3437 505 3519 sanguinem
521 3435 784 3517 prohibentem?
831 3432 919 3510 Quis
934 3435 1133 3497 memoriam
1145 3436 1252 3499 male-

256 3558 288 3606 oo
301 3536 386 3601 sacti
400 3537 443 3600 de
459 3534 560 3600 corde
577 3534 754 3611 radicituS,
769 3540 809 3596 ut
820 3531 843 3596 J
846 3533 965 3615 osepb,
981 3534 1130 3597 evulsit'l
1165 3534 1253 3612 Quis

299 3638 337 3701 in
353 3644 469 3701 monte
481 3656 559 3700 cum
569 3635 720 3698 Domino
733 3634 882 3710 locutuS,
894 3641 929 3696 et
938 3653 1157 3715 nequaquam
1170 3655 1253 3698 con·

301 3739 521 3822 crepantibus
535 3737 628 3802 tubis
643 3735 768 3798 exinde
782 3734 996 3818 perterritus
1013 3735 1100 3800 duas
1116 3735 1253 3803 tabulas

336 4037 346 4066 ⁴
358 4040 397 4088 De
410 4075 415 4088 .
430 4075 436 4088 .
450 4074 457 4088 .
469 4033 601 4107 diximus]
622 4041 676 4089 Om.
691 4040 725 4088 Β.
827 4035 846 4064 ¹⁵
858 4031 984 4102 Nullum]
1003 4025 1101 4094 Ullum,
1118 4035 1148 4083 V.

336 4105 441 4177 ⁶[gni]
460 4111 552 4171 Regni,
565 4111 598 4159 B.
825 4104 846 4136 ²⁸
857 4108 1019 4165 Proecoveret,
1030 4104 1076 4168 sa]
1098 4106 1152 4154 Om.
1170 4104 1201 4155 V.

337 4177 357 4208 ¹⁰
373 4179 525 4243 Diceretur]
538 4180 604 4230 Gen.
616 4195 640 4229 v.
650 4184 692 4228 24.
825 4174 847 4207 ²⁸
859 4172 914 4244 Sa]
937 4178 992 4224 Om.
1005 4176 1039 4223 B.

318 4260 321 4266 ·
337 4246 534 4315 1³insipientia]
547 4251 705 4314 Incipientis,
721 4249 751 4299 V.
825 4244 846 4279 ³⁰
856 4247 976 4310 divulsit]
995 4245 1098 4310 Evellit,
1115 4245 1145 4299 V.
