3014 5046
369 453 413 514 70
687 465 858 514 mussona
881 463 1010 510 elnon.

371 626 489 710 spicue
518 622 795 707 deprehenditur.
847 621 915 686 Sed
941 619 1024 703 quid
1053 625 1174 683 nostra
1198 606 1328 683 medioss

371 726 477 790 critas
507 724 587 787 huic
616 730 688 787 tam
717 729 838 806 aperto
868 723 985 786 sensui
1015 720 1205 784 misceturl
1258 719 1328 783 Lo·

373 832 500 908 quatur
519 843 668 905 namque
691 843 754 905 pro
778 824 890 900 uobis,
912 829 953 885 ut
969 820 1133 898 diximus,
1153 820 1213 901 qui
1232 820 1328 885 solus

372 945 482 990 verax
498 932 564 1002 est,
583 923 732 1005 Spiritus
756 923 888 986 scilicet
907 923 1069 999 SanctuS,
1090 920 1217 1002 dequo
1236 940 1329 984 nunc

375 1025 511 1090 dicitur.
564 1023 714 1106 Spiritus
733 1030 850 1087 autem
869 1028 1012 1086 sanctus
1033 1021 1223 1103 disciplinae
1243 1019 1329 1084 effu-
1358 1040 1374 1084 5

374 1127 447 1207 giet
476 1126 614 1204 fictum3
646 1131 681 1186 et
708 1124 845 1201 iterum,
878 1122 1053 1200 Quoniam
1084 1121 1233 1203 Spiritus
1262 1120 1330 1184 Dei

374 1226 521 1308 replevit
543 1225 659 1287 orbem
685 1230 874 1302 terrarum;
902 1230 938 1286 et
961 1221 1064 1298 infra,
1093 1221 1196 1284 finem
1220 1220 1330 1286 malo·

374 1345 452 1389 rum
488 1326 724 1405 bonorumque
761 1324 899 1387 oculato
932 1321 1064 1406 judicio
1099 1319 1330 1405 praetendens,

376 1427 438 1502 ait,
469 1422 651 1504 Quomodo
683 1416 763 1506 spes
787 1423 885 1507 impii
915 1429 1080 1504 tanquam
1107 1421 1239 1502 lanugo
1265 1429 1332 1499 est,

376 1543 455 1607 quae
490 1544 512 1588 a
543 1531 647 1587 vento
683 1523 828 1601 tollitur,
864 1530 899 1586 et
928 1530 1095 1604 tanquam
1127 1521 1243 1584 fumus
1272 1521 1332 1604 qui
1344 1536 1377 1584 ro
1477 1609 1480 1615 1

377 1643 399 1688 a
429 1632 533 1690 vento
564 1623 708 1687 diffusus
739 1630 804 1701 est,
837 1630 873 1687 et
899 1630 1065 1704 tanquam
1097 1640 1222 1705 spuma
1251 1641 1332 1703 gra·

377 1724 465 1802 cilis,
494 1743 572 1806 quae
608 1743 630 1787 a
664 1723 818 1805 procella
845 1723 1067 1805 dispergitur,
1100 1729 1136 1786 θῖ
1165 1728 1332 1804 tanquam

377 1825 543 1889 memoria
563 1823 709 1906 hospitis
723 1824 826 1887 unius
845 1822 914 1886 diei
930 1823 1184 1906 praetereuntis
1236 1821 1260 1886 J
1262 1821 1333 1886 usti

378 1933 494 1989 autem
516 1925 552 1988 in
580 1931 784 2007 perpetuum
806 1924 939 2001 vivent,
963 1930 998 1988 et
1020 1920 1112 2006 apud
1137 1922 1252 1986 Deum
1278 1929 1334 1986 est

377 2044 509 2088 merces
533 2024 684 2102 illorum,
709 2031 744 2087 et
768 2024 934 2106 cogitatio
956 2043 1074 2088 eorum
1097 2023 1189 2106 apud
1221 2021 1333 2088 Altis·
1346 2038 1377 2084 rs
1440 2107 1444 2113 Ι

378 2126 514 2188 simum.
567 2123 652 2187 Ideo
675 2124 846 2206 accipient
869 2143 1014 2205 regnum
1032 2122 1178 2201 decoris,
1200 2130 1237 2187 θῖ
1257 2123 1334 2187 dia·

378 2223 480 2287 dema
494 2223 621 2305 speciei
633 2223 676 2287 de
692 2242 799 2286 manu
813 2224 966 2288 Domini.
1020 2223 1193 2301 Quoniam
1208 2223 1335 2287 dextra

379 2342 445 2386 sua
482 2329 642 2404 proteget
678 2342 750 2400 eoo,
785 2331 821 2388 et
855 2324 996 2388 brachio
1029 2330 1152 2387 sancto
1181 2344 1246 2387 suo
1273 2324 1333 2387 de·

380 2422 497 2486 tendet
525 2422 616 2487 illos.
668 2422 864 2487 Dissimiles
889 2424 1015 2488 etenim
1042 2430 1125 2487 sunt
1153 2424 1334 2506 qualitate,

381 2529 464 2586 sunt
498 2522 599 2586 valde
629 2522 719 2607 justi
757 2531 793 2588 et
824 2525 934 2606 impii,
966 2524 1139 2602 nimirum,
1171 2531 1211 2588 ut
1244 2523 1380 2594 dixitzo

382 2623 566 2701 DominuS,
589 2623 660 2687 Eos
686 2623 745 2705 qui
767 2623 952 2703 honorant,
975 2625 1147 2706 inquiens,
1174 2642 1241 2702 me,
1271 2623 1335 2689 ho·

318 2738 321 2742 ⁴
381 2725 525 2801 notabo,
540 2731 587 2800 θῖ,
601 2724 660 2806 qui
673 2743 728 2787 me
742 2731 912 2806 spernunt
926 2731 1028 2788 erunt
1041 2724 1222 2806 ignobiles.

433 2823 521 2907 §63
545 2822 613 2886 Sed
635 2831 852 2888 transeamus
874 2825 919 2888 ad
942 2832 1066 2888 cetera.
1118 2822 1259 2902 Audite,
1281 2823 1336 2886 in-

382 2923 469 3003 quit,
498 2941 617 2985 omnes
644 2942 743 3003 reges
770 2929 806 2985 et
833 2923 1029 3004 intelligite,
1057 2922 1178 2987 discite
1199 2923 1336 3007 judices

382 3021 501 3084 finium
530 3028 645 3098 terrae,
674 3023 825 3102 praebete
852 3040 953 3085 aures
976 3041 1039 3086 vos
1066 3022 1126 3103 qui
1151 3024 1380 3095 continetisas

337 3111 340 3117 ’
381 3120 631 3196 multitudines,
647 3125 682 3183 et
697 3121 842 3203 placetis
856 3121 956 3185 vobis
971 3122 1008 3184 in
1018 3122 1127 3184 turbis
1141 3122 1336 3188 nationum.

384 3219 557 3297 Quoniam
579 3220 664 3285 data
678 3228 732 3285 est
748 3240 770 3284 a
785 3221 862 3285 Deo
876 3229 1031 3303 potestas
1045 3222 1157 3299 vobiS,
1175 3230 1211 3285 et
1225 3223 1337 3288 virtus

382 3321 426 3384 ab
450 3318 644 3399 Altissimo,
673 3322 733 3403 qui
754 3322 984 3404 interrogabit
1010 3342 1117 3405 opera
1144 3329 1274 3400 vestra,
1301 3331 1338 3388 θῖ

383 3419 611 3502 cogitationes
636 3423 857 3487 scrutabitur.
911 3421 1085 3502 Quoniam
1114 3443 1192 3487 cum
1214 3424 1337 3487 essetis

382 3521 532 3584 ministri
554 3523 653 3604 regni
675 3522 781 3600 illiue,
804 3543 874 3587 non
897 3532 989 3587 recte
1007 3523 1204 3608 judicastiS,
1224 3543 1336 3606 neque
1349 3557 1382 3604 ,ο

384 3622 584 3685 custodistis
606 3623 717 3703 legem
738 3622 899 3706 justitiae,
924 3644 1035 3706 neque
1060 3624 1246 3688 secundum
1273 3644 1336 3688 vo-

383 3719 552 3783 luntatem
568 3720 643 3802 ejus
662 3722 877 3787 ambulastis,
930 3723 1114 3788 Horrende
1130 3731 1165 3788 et
1180 3724 1337 3788 celeriter

384 3820 565 3900 apparebit
589 3819 701 3897 vobiS,
731 3823 894 3903 quoniam
919 3824 1088 3908 judicium
1116 3824 1336 3888 durissimum

383 3917 449 3997 hie,
473 3920 532 4001 qui
548 3928 715 4002 praesunt,
737 3922 808 3986 fiet.
860 3923 1008 4006 Exiguis
1030 3926 1121 3989 enim
1138 3924 1339 3990 conceditur

383 4021 628 4099 misericordia,
656 4029 816 4104 potentes
842 4032 958 4088 autem
980 4032 1139 4109 potenter
1165 4032 1338 4090 tormenta
1350 4054 1381 4100 35

418 4206 437 4238 ²¹
456 4213 506 4258 Eos
516 4212 581 4274 qua]
594 4216 607 4261 1
621 4212 688 4262 Sam.
701 4214 728 4262 ii.
742 4217 782 4264 30.
855 4228 860 4339 Ι
875 4229 907 4262 on
919 4218 945 4263 to
956 4231 982 4276 p.
994 4217 1064 4277 ⁷1,l.
1077 4221 1102 4266 6.

419 4275 440 4309 ²³
457 4280 506 4328 Sed
522 4283 691 4345 transeamus]
708 4283 738 4333 V.
758 4297 847 4344 passos
908 4281 930 4315 2³
947 4286 1053 4350 lnquit]
1061 4287 1172 4349 Sapient.
1180 4287 1214 4338 vi.
1224 4292 1249 4351 2,
1258 4292 1281 4338 3.
1291 4293 1338 4339 etc.
