3014 5046
586 473 671 520 v1TA
694 473 823 520 sancti
848 473 977 519 GlLDAE.
1159 476 1259 522 XXXV

313 625 495 710 hffiigcbat
517 628 674 705 eundem,
698 629 936 692 commovebat
959 629 1049 692 inter
1074 638 1257 715 utrumque

307 728 495 792 maximum
521 715 682 793 furorem.
733 727 768 792 A
798 727 917 792 Scotia
946 728 1106 794 veniebat
1136 733 1257 814 saepis-

306 827 403 904 sime,
425 829 585 893 incendia
600 829 762 910 ponebat,
779 828 917 910 praedas
929 827 1077 893 ducebat
1089 849 1168 893 cum
1182 832 1255 897 vic-

305 927 396 990 toria
410 947 451 992 ac
473 928 587 994 laude.
642 927 742 992 Unde
758 946 818 990 rex
841 927 1047 991 universalis
1063 928 1256 995 Britanniae

276 1027 449 1092 saudiens
479 1027 737 1109 magnanimum
762 1027 928 1110 juvenem
955 1026 1041 1090 talia
1071 1027 1192 1093 fecisse
1221 1039 1258 1095 ct

306 1128 456 1207 aequalia
479 1127 606 1204 facere,
629 1112 829 1208 persecutus
855 1131 909 1190 est
937 1126 1256 1194 victoriosissimum

301 1224 467 1307 juvenem
485 1234 520 1290 et
537 1226 716 1308 optimum,
741 1232 780 1290 ut
794 1226 934 1290 aiebant
948 1233 983 1290 ct
1001 1229 1188 1308 sperabant
1201 1228 1253 1291 in-

305 1323 453 1405 digenae,
467 1326 621 1390 futurum
635 1345 763 1407 regem.
816 1325 860 1388 In
883 1326 1123 1407 prosecutione
1138 1336 1254 1392 autem

304 1422 422 1488 hostili
441 1433 476 1488 et
490 1427 528 1488 in
543 1433 717 1490 conventu
738 1424 862 1489 bellico
884 1425 920 1488 in
933 1425 1048 1488 insula
1063 1425 1187 1491 Minau
1200 1429 1252 1491 in-

233 1565 234 1568 *
259 1535 290 1581 ιο
303 1523 437 1588 terfecit
445 1525 607 1608 juvenem
631 1525 871 1607 praedatorem.
924 1523 1012 1588 Post
1028 1525 1127 1589 illam-
1146 1526 1253 1591 inter-

302 1621 484 1687 fectionem
520 1623 696 1689 Arthurus
734 1624 846 1689 victor
880 1623 1058 1702 remeavit,
1098 1626 1253 1707 gaudens

302 1724 452 1786 maxime
495 1724 587 1804 quod
628 1730 853 1804 superaverat
888 1742 989 1786 suum
1029 1724 1254 1791 fortissimum

302 1819 448 1885 hostem.
500 1820 624 1886 Gildas
644 1823 827 1886 Britonum
850 1820 1148 1905 historiographus
1171 1833 1255 1889 tunc

302 1940 483 1985 remanens
504 1922 541 1984 in
559 1920 730 1984 Hibernia
751 1920 902 1984 studium
925 1940 1049 2002 regens
1071 1929 1106 1986 et
1128 1923 1254 2005 praedi-

257 2037 288 2082 15
301 2039 386 2083 cans
408 2020 444 2083 in
461 2020 602 2086 civitate
627 2019 814 2097 Ardmaca,
834 2020 967 2085 audivit
989 2021 1130 2086 fratrem
1153 2042 1254 2088 suum

302 2121 346 2183 ab
368 2119 523 2184 Arthuro
546 2140 627 2202 rege
647 2119 865 2185 intersectum
888 2120 1006 2185 fuisse.
1059 2121 1183 2187 Doluit
1209 2126 1254 2188 ab

302 2220 434 2296 auditu,
462 2220 558 2285 flevit
585 2239 663 2284 cum
689 2220 831 2302 gemitu,
858 2227 897 2284 ut
920 2221 1028 2284 frater
1055 2222 1252 2288 carissimus

300 2339 363 2401 pro
385 2321 562 2385 carissimo
585 2320 711 2401 fratre3
736 2321 848 2385 oravit
866 2340 930 2402 pro
953 2320 1077 2402 spiritu
1099 2321 1253 2387 fraterno

300 2420 464 2500 quotidie,
488 2422 610 2484 orabat
634 2421 777 2500 insuper
800 2438 864 2501 pro
886 2418 1042 2484 Arthuro
1062 2419 1179 2486 fratris
1197 2424 1253 2486 sui

255 2544 288 2590 20
298 2528 518 2600 persecutore
533 2527 568 2583 et
580 2519 799 2583 interfectore
817 2566 825 2582 .
845 2566 853 2581 .
871 2566 879 2582 .

350 2618 411 2702 §d
429 2618 570 2682 Interea
578 2617 816 2681 sanctissimus
830 2615 953 2679 Gildas
964 2618 1170 2681 venerabilis
1180 2618 1251 2682 his·
1264 2625 1413 2716 illm-⁶⁸

298 2717 542 2798 toriograpbus
559 2717 655 2780 venit
676 2716 720 2779 ad
743 2716 961 2779 Britanniam
986 2722 1129 2797 portans
1146 2736 1252 2781 unam
1384 2704 1389 2723 ¹

298 2816 564 2899 pulcherrimam
590 2822 625 2879 et
646 2816 880 2878 dulcissimam
903 2834 1119 2897 campanam,
1147 2835 1251 2897 quam

299 2923 443 2980 voverat
470 2916 591 2981 offerre
617 2915 808 2997 apostolico
832 2914 1001 2978 Romanae
1032 2915 1186 2979 ccclesiae
1213 2917 1250 2979 in

254 3048 286 3093 25
299 3016 613 3098 praesentationem.
653 3015 878 3079 Pernoctavit
892 3015 1077 3078 honorifice
1091 3023 1249 3097 receptus

299 3134 320 3178 a
337 3115 475 3180 Cadoco
489 3114 678 3180 venerabili
693 3116 817 3178 abbate
832 3115 868 3176 in
884 3113 1044 3178 Carbana
1058 3114 1174 3192 Valle,
1189 3117 1249 3198 qui

298 3215 504 3281 monstravit
514 3215 564 3278 illi
577 3213 786 3277 laudabilem
796 3232 1011 3295 campanam,
1021 3221 1249 3278 monstratam

298 3315 442 3397 accepit,
480 3321 658 3395 acceptam
689 3332 800 3375 emere
829 3313 940 3374 voluit
968 3332 1096 3394 magno
1125 3315 1249 3394 pretio,

335 3538 345 3566 ⁸
362 3537 554 3599 Promethea]
571 3534 762 3595 Persecutione,
787 3532 863 3592 tiens,
884 3546 952 3579 were
980 3533 1130 3582 introduced
1153 3533 1250 3595 shortly

303 3610 390 3658 Usher.
787 3601 871 3650 before
879 3601 921 3649 the
929 3616 976 3663 age
983 3601 1116 3651 ofGildas.
1128 3602 1248 3664 Theyare

334 3677 345 3710 ⁹
362 3677 473 3739 illinon]
484 3676 600 3737 Mynam,
611 3675 645 3723 B.
701 3685 704 3689 ’
787 3672 929 3720 mentioned
940 3673 965 3719 in
982 3672 1024 3720 the
1037 3672 1092 3720 Life
1104 3672 1133 3720 os
1147 3672 1249 3722 Colum-

335 3746 355 3776 ¹³
381 3747 524 3809 Ardoeocc]
560 3745 698 3804 Ardinaca,
727 3742 760 3791 A.
787 3742 821 3790 ba
843 3743 877 3802 by
896 3742 1051 3790 Cummenus
1067 3742 1160 3803 Albus,
1179 3743 1250 3809 (Ma-

301 3816 505 3878 Concerningthe
511 3815 596 3864 school
604 3813 761 3874 atArmagh‚
786 3812 840 3860 bill.
854 3811 913 3861 Act.
930 3811 975 3861 SS.
992 3812 1056 3861 Ord.
1074 3812 1100 3861 S.
1118 3813 1215 3863 Bened.
1230 3815 1248 3864 i.

299 3889 332 3936 its
342 3887 458 3948 founder,
469 3886 599 3946 celebrity‚
607 3884 702 3945 pupils,
710 3882 761 3931 and
787 3878 856 3943 346,)
875 3883 924 3929 and
943 3883 978 3943 by
996 3883 1079 3945 Beda,
1101 3882 1138 3931 Η.
1159 3884 1191 3932 Ε.
1212 3897 1248 3932 1v.

299 3957 462 4017 destruction,
474 3969 515 4005 see
525 3955 569 4004 the
581 3953 725 4003 Primordia
735 3952 765 4001 of
786 3951 860 4000 xxiii.
872 3951 885 4013 ξ
897 3955 954 4000 329.

300 4028 393 4087 Ueher,
403 4042 430 4087 p.
442 4029 500 4075 859.
822 4017 841 4048 ²⁶
863 4020 978 4081 Caduca]
1000 4020 1055 4068 'rba
1075 4034 1144 4068 same
1163 4035 1249 4069 narra·

334 4094 354 4127 ²³
373 4095 539 4159 Campanam]
568 4094 648 4154 Belle,
675 4091 760 4141 which
787 4090 837 4137 tire
849 4089 872 4137 is
883 4089 1031 4137 introduced
1048 4090 1074 4136 in
1085 4090 1127 4137 the
1146 4090 1249 4151 Legend

298 4166 394 4215 formed
409 4181 442 4214 no
458 4170 516 4226 part
526 4165 555 4212 of
568 4164 610 4212 the
627 4163 760 4212 ecclesiae·
786 4159 815 4206 of
835 4159 929 4207 Cadoc.
945 4159 1014 4224 (MS.
1032 4160 1098 4209 Cott.
1117 4159 1199 4221 Titus,
1213 4161 1249 4210 D.

298 4237 358 4286 tical
374 4235 480 4284 utensile
491 4235 520 4283 of
533 4236 575 4283 the
592 4234 662 4294 early
674 4233 760 4281 Chris·
787 4229 905 4279 xnufol.
915 4225 969 4293 95.)
